<?xml version="1.0" encoding="UTF-8"?>
<marc21:record xmlns:marc21="http://www.loc.gov/MARC21/slim" xmlns:xsi="http://www.w3.org/2001/XMLSchema-instance" xsi:schemaLocation="http://www.loc.gov/MARC21/slim http://www.loc.gov/standards/marcxml/schema/MARC21slim.xsd">
   <marc21:leader>00000ntmaa  000005ak4500</marc21:leader>
   <marc21:controlfield tag="008">000000|19131913xx|||||||||||||||||d</marc21:controlfield>
   <marc21:datafield ind1=" " ind2=" " tag="035">
      <marc21:subfield code="a">(DSI-AAA)14642</marc21:subfield>
   </marc21:datafield>
   <marc21:datafield ind1=" " ind2=" " tag="040">
      <marc21:subfield code="a">DSI-AAA</marc21:subfield>
      <marc21:subfield code="e">aacr</marc21:subfield>
   </marc21:datafield>
   <marc21:datafield ind1=" " ind2=" " tag="098">
      <marc21:subfield code="a">Archives of American Art</marc21:subfield>
      <marc21:subfield code="b">AAA</marc21:subfield>
   </marc21:datafield>
   <marc21:datafield ind1="1" ind2=" " tag="100">
      <marc21:subfield code="a">Fitzgerald, Desmond</marc21:subfield>
      <marc21:subfield code="c" />
      <marc21:subfield code="d">1846-1926</marc21:subfield>
      <marc21:subfield code="e" />
   </marc21:datafield>
   <marc21:datafield ind1="0" ind2="0" tag="245">
      <marc21:subfield code="a">Desmond Fitzgerald diary</marc21:subfield>
   </marc21:datafield>
   <marc21:datafield ind1=" " ind2=" " tag="260">
      <marc21:subfield code="c">1913</marc21:subfield>
   </marc21:datafield>
   <marc21:datafield ind1=" " ind2=" " tag="300">
      <marc21:subfield code="a">Diary : 1 v. :</marc21:subfield>
      <marc21:subfield code="b">handwritten ;</marc21:subfield>
      <marc21:subfield code="c">18 x 9 cm.</marc21:subfield>
   </marc21:datafield>
   <marc21:datafield ind1=" " ind2=" " tag="520">
      <marc21:subfield code="a">Includes clippings from various Boston newspapers about Copley Square and Fitzgerald's private art gallery (which was in construction during this year). &lt;br&gt;Fitzgerald notes the weather, correspondence received, the friends he sees, and his daily activities. He describes progress in the construction of his gallery, art purchases, local politics, and social events such as concerts, the theater and exhibits, or outdoor activities such as swimming, hiking and sailing. In particular he mentions a visit to the Armory Show in New York where he meets with Walt Kuhn and arranges to have the show travel to Boston, as well as administrative details of managing the show's Boston run. &lt;br&gt;Back pages are filled with miscellaneous notes and addenda to the daily entries. Notes include a list of the works on display in his gallery, and notes on different artistic media, artists, movements, and periods of art history.</marc21:subfield>
   </marc21:datafield>
   <marc21:datafield ind1=" " ind2=" " tag="561">
      <marc21:subfield code="a" />
   </marc21:datafield>
   <marc21:datafield ind1=" " ind2=" " tag="590">
      <marc21:subfield code="a" />
   </marc21:datafield>
   <marc21:datafield ind1=" " ind2="0" tag="600">
      <marc21:subfield code="a">Fitzgerald, Desmond</marc21:subfield>
      <marc21:subfield code="x" />
      <marc21:subfield code="2" />
   </marc21:datafield>
   <marc21:datafield ind1=" " ind2="7" tag="611">
      <marc21:subfield code="a">Armory Show (1913 : Boston, Mass.)</marc21:subfield>
      <marc21:subfield code="x" />
      <marc21:subfield code="2">AAA</marc21:subfield>
   </marc21:datafield>
   <marc21:datafield ind1=" " ind2="7" tag="611">
      <marc21:subfield code="a">Armory Show (1913 : New York, N.Y.)</marc21:subfield>
      <marc21:subfield code="x" />
      <marc21:subfield code="2">AAA</marc21:subfield>
   </marc21:datafield>
   <marc21:datafield ind1=" " ind2="0" tag="650">
      <marc21:subfield code="a">Art</marc21:subfield>
      <marc21:subfield code="x">Collectors and collecting</marc21:subfield>
      <marc21:subfield code="2" />
   </marc21:datafield>
   <marc21:datafield ind1=" " ind2="7" tag="655">
      <marc21:subfield code="a">Writings</marc21:subfield>
      <marc21:subfield code="x" />
      <marc21:subfield code="2">AAA</marc21:subfield>
   </marc21:datafield>
   <marc21:datafield ind1=" " ind2=" " tag="773">
      <marc21:subfield code="t">Desmond Fitzgerald papers</marc21:subfield>
      <marc21:subfield code="d">1868-1930</marc21:subfield>
   </marc21:datafield>
   <marc21:datafield ind1=" " ind2=" " tag="852">
      <marc21:subfield code="a">Archives of American Art, Smithsonian Institution</marc21:subfield>
      <marc21:subfield code="e">Washington, D.C. 20560</marc21:subfield>
   </marc21:datafield>
   <marc21:datafield ind1="4" ind2=" " tag="856">
      <marc21:subfield code="3">Record Link</marc21:subfield>
      <marc21:subfield code="u">http://www.aaa.si.edu/collections/items/detail/desmond-fitzgerald-diary-14642</marc21:subfield>
   </marc21:datafield>
   <marc21:datafield ind1="4" ind2=" " tag="856">
      <marc21:subfield code="3">Thumbnail</marc21:subfield>
      <marc21:subfield code="u">http://www.aaa.si.edu/assets/images/fitzdesm/thumbnail/AAA_fitzdesm_41358.jpg</marc21:subfield>
      <marc21:subfield code="x" />
   </marc21:datafield>
   <marc21:datafield ind1="4" ind2=" " tag="856">
      <marc21:subfield code="3">Fullsize</marc21:subfield>
      <marc21:subfield code="u">http://www.aaa.si.edu/assets/images/fitzdesm/fullsize/AAA_fitzdesm_41358.jpg</marc21:subfield>
      <marc21:subfield code="x" />
   </marc21:datafield>
   <marc21:datafield ind1="4" ind2=" " tag="856">
      <marc21:subfield code="3">Thumbnail</marc21:subfield>
      <marc21:subfield code="u">http://www.aaa.si.edu/assets/images/fitzdesm/thumbnail/AAA_fitzdesm_41359.jpg</marc21:subfield>
      <marc21:subfield code="x">1</marc21:subfield>
   </marc21:datafield>
   <marc21:datafield ind1="4" ind2=" " tag="856">
      <marc21:subfield code="3">Fullsize</marc21:subfield>
      <marc21:subfield code="u">http://www.aaa.si.edu/assets/images/fitzdesm/fullsize/AAA_fitzdesm_41359.jpg</marc21:subfield>
      <marc21:subfield code="x">1</marc21:subfield>
   </marc21:datafield>
   <marc21:datafield ind1="4" ind2=" " tag="856">
      <marc21:subfield code="3">Thumbnail</marc21:subfield>
      <marc21:subfield code="u">http://www.aaa.si.edu/assets/images/fitzdesm/thumbnail/AAA_fitzdesm_41360.jpg</marc21:subfield>
      <marc21:subfield code="x">2</marc21:subfield>
   </marc21:datafield>
   <marc21:datafield ind1="4" ind2=" " tag="856">
      <marc21:subfield code="3">Fullsize</marc21:subfield>
      <marc21:subfield code="u">http://www.aaa.si.edu/assets/images/fitzdesm/fullsize/AAA_fitzdesm_41360.jpg</marc21:subfield>
      <marc21:subfield code="x">2</marc21:subfield>
   </marc21:datafield>
   <marc21:datafield ind1="4" ind2=" " tag="856">
      <marc21:subfield code="3">Thumbnail</marc21:subfield>
      <marc21:subfield code="u">http://www.aaa.si.edu/assets/images/fitzdesm/thumbnail/AAA_fitzdesm_41361.jpg</marc21:subfield>
      <marc21:subfield code="x">3</marc21:subfield>
   </marc21:datafield>
   <marc21:datafield ind1="4" ind2=" " tag="856">
      <marc21:subfield code="3">Fullsize</marc21:subfield>
      <marc21:subfield code="u">http://www.aaa.si.edu/assets/images/fitzdesm/fullsize/AAA_fitzdesm_41361.jpg</marc21:subfield>
      <marc21:subfield code="x">3</marc21:subfield>
   </marc21:datafield>
   <marc21:datafield ind1="4" ind2=" " tag="856">
      <marc21:subfield code="3">Thumbnail</marc21:subfield>
      <marc21:subfield code="u">http://www.aaa.si.edu/assets/images/fitzdesm/thumbnail/AAA_fitzdesm_41362.jpg</marc21:subfield>
      <marc21:subfield code="x">4</marc21:subfield>
   </marc21:datafield>
   <marc21:datafield ind1="4" ind2=" " tag="856">
      <marc21:subfield code="3">Fullsize</marc21:subfield>
      <marc21:subfield code="u">http://www.aaa.si.edu/assets/images/fitzdesm/fullsize/AAA_fitzdesm_41362.jpg</marc21:subfield>
      <marc21:subfield code="x">4</marc21:subfield>
   </marc21:datafield>
   <marc21:datafield ind1="4" ind2=" " tag="856">
      <marc21:subfield code="3">Thumbnail</marc21:subfield>
      <marc21:subfield code="u">http://www.aaa.si.edu/assets/images/fitzdesm/thumbnail/AAA_fitzdesm_41363.jpg</marc21:subfield>
      <marc21:subfield code="x">5</marc21:subfield>
   </marc21:datafield>
   <marc21:datafield ind1="4" ind2=" " tag="856">
      <marc21:subfield code="3">Fullsize</marc21:subfield>
      <marc21:subfield code="u">http://www.aaa.si.edu/assets/images/fitzdesm/fullsize/AAA_fitzdesm_41363.jpg</marc21:subfield>
      <marc21:subfield code="x">5</marc21:subfield>
   </marc21:datafield>
   <marc21:datafield ind1="4" ind2=" " tag="856">
      <marc21:subfield code="3">Thumbnail</marc21:subfield>
      <marc21:subfield code="u">http://www.aaa.si.edu/assets/images/fitzdesm/thumbnail/AAA_fitzdesm_41364.jpg</marc21:subfield>
      <marc21:subfield code="x">6</marc21:subfield>
   </marc21:datafield>
   <marc21:datafield ind1="4" ind2=" " tag="856">
      <marc21:subfield code="3">Fullsize</marc21:subfield>
      <marc21:subfield code="u">http://www.aaa.si.edu/assets/images/fitzdesm/fullsize/AAA_fitzdesm_41364.jpg</marc21:subfield>
      <marc21:subfield code="x">6</marc21:subfield>
   </marc21:datafield>
   <marc21:datafield ind1="4" ind2=" " tag="856">
      <marc21:subfield code="3">Thumbnail</marc21:subfield>
      <marc21:subfield code="u">http://www.aaa.si.edu/assets/images/fitzdesm/thumbnail/AAA_fitzdesm_41365.jpg</marc21:subfield>
      <marc21:subfield code="x">7</marc21:subfield>
   </marc21:datafield>
   <marc21:datafield ind1="4" ind2=" " tag="856">
      <marc21:subfield code="3">Fullsize</marc21:subfield>
      <marc21:subfield code="u">http://www.aaa.si.edu/assets/images/fitzdesm/fullsize/AAA_fitzdesm_41365.jpg</marc21:subfield>
      <marc21:subfield code="x">7</marc21:subfield>
   </marc21:datafield>
   <marc21:datafield ind1="4" ind2=" " tag="856">
      <marc21:subfield code="3">Thumbnail</marc21:subfield>
      <marc21:subfield code="u">http://www.aaa.si.edu/assets/images/fitzdesm/thumbnail/AAA_fitzdesm_41366.jpg</marc21:subfield>
      <marc21:subfield code="x">8</marc21:subfield>
   </marc21:datafield>
   <marc21:datafield ind1="4" ind2=" " tag="856">
      <marc21:subfield code="3">Fullsize</marc21:subfield>
      <marc21:subfield code="u">http://www.aaa.si.edu/assets/images/fitzdesm/fullsize/AAA_fitzdesm_41366.jpg</marc21:subfield>
      <marc21:subfield code="x">8</marc21:subfield>
   </marc21:datafield>
   <marc21:datafield ind1="4" ind2=" " tag="856">
      <marc21:subfield code="3">Thumbnail</marc21:subfield>
      <marc21:subfield code="u">http://www.aaa.si.edu/assets/images/fitzdesm/thumbnail/AAA_fitzdesm_41367.jpg</marc21:subfield>
      <marc21:subfield code="x">9</marc21:subfield>
   </marc21:datafield>
   <marc21:datafield ind1="4" ind2=" " tag="856">
      <marc21:subfield code="3">Fullsize</marc21:subfield>
      <marc21:subfield code="u">http://www.aaa.si.edu/assets/images/fitzdesm/fullsize/AAA_fitzdesm_41367.jpg</marc21:subfield>
      <marc21:subfield code="x">9</marc21:subfield>
   </marc21:datafield>
   <marc21:datafield ind1="4" ind2=" " tag="856">
      <marc21:subfield code="3">Thumbnail</marc21:subfield>
      <marc21:subfield code="u">http://www.aaa.si.edu/assets/images/fitzdesm/thumbnail/AAA_fitzdesm_41368.jpg</marc21:subfield>
      <marc21:subfield code="x">10</marc21:subfield>
   </marc21:datafield>
   <marc21:datafield ind1="4" ind2=" " tag="856">
      <marc21:subfield code="3">Fullsize</marc21:subfield>
      <marc21:subfield code="u">http://www.aaa.si.edu/assets/images/fitzdesm/fullsize/AAA_fitzdesm_41368.jpg</marc21:subfield>
      <marc21:subfield code="x">10</marc21:subfield>
   </marc21:datafield>
   <marc21:datafield ind1="4" ind2=" " tag="856">
      <marc21:subfield code="3">Thumbnail</marc21:subfield>
      <marc21:subfield code="u">http://www.aaa.si.edu/assets/images/fitzdesm/thumbnail/AAA_fitzdesm_41369.jpg</marc21:subfield>
      <marc21:subfield code="x">11</marc21:subfield>
   </marc21:datafield>
   <marc21:datafield ind1="4" ind2=" " tag="856">
      <marc21:subfield code="3">Fullsize</marc21:subfield>
      <marc21:subfield code="u">http://www.aaa.si.edu/assets/images/fitzdesm/fullsize/AAA_fitzdesm_41369.jpg</marc21:subfield>
      <marc21:subfield code="x">11</marc21:subfield>
   </marc21:datafield>
   <marc21:datafield ind1="4" ind2=" " tag="856">
      <marc21:subfield code="3">Thumbnail</marc21:subfield>
      <marc21:subfield code="u">http://www.aaa.si.edu/assets/images/fitzdesm/thumbnail/AAA_fitzdesm_41370.jpg</marc21:subfield>
      <marc21:subfield code="x">12</marc21:subfield>
   </marc21:datafield>
   <marc21:datafield ind1="4" ind2=" " tag="856">
      <marc21:subfield code="3">Fullsize</marc21:subfield>
      <marc21:subfield code="u">http://www.aaa.si.edu/assets/images/fitzdesm/fullsize/AAA_fitzdesm_41370.jpg</marc21:subfield>
      <marc21:subfield code="x">12</marc21:subfield>
   </marc21:datafield>
   <marc21:datafield ind1="4" ind2=" " tag="856">
      <marc21:subfield code="3">Thumbnail</marc21:subfield>
      <marc21:subfield code="u">http://www.aaa.si.edu/assets/images/fitzdesm/thumbnail/AAA_fitzdesm_41371.jpg</marc21:subfield>
      <marc21:subfield code="x">13</marc21:subfield>
   </marc21:datafield>
   <marc21:datafield ind1="4" ind2=" " tag="856">
      <marc21:subfield code="3">Fullsize</marc21:subfield>
      <marc21:subfield code="u">http://www.aaa.si.edu/assets/images/fitzdesm/fullsize/AAA_fitzdesm_41371.jpg</marc21:subfield>
      <marc21:subfield code="x">13</marc21:subfield>
   </marc21:datafield>
   <marc21:datafield ind1="4" ind2=" " tag="856">
      <marc21:subfield code="3">Thumbnail</marc21:subfield>
      <marc21:subfield code="u">http://www.aaa.si.edu/assets/images/fitzdesm/thumbnail/AAA_fitzdesm_41372.jpg</marc21:subfield>
      <marc21:subfield code="x">14</marc21:subfield>
   </marc21:datafield>
   <marc21:datafield ind1="4" ind2=" " tag="856">
      <marc21:subfield code="3">Fullsize</marc21:subfield>
      <marc21:subfield code="u">http://www.aaa.si.edu/assets/images/fitzdesm/fullsize/AAA_fitzdesm_41372.jpg</marc21:subfield>
      <marc21:subfield code="x">14</marc21:subfield>
   </marc21:datafield>
   <marc21:datafield ind1="4" ind2=" " tag="856">
      <marc21:subfield code="3">Thumbnail</marc21:subfield>
      <marc21:subfield code="u">http://www.aaa.si.edu/assets/images/fitzdesm/thumbnail/AAA_fitzdesm_41373.jpg</marc21:subfield>
      <marc21:subfield code="x">15</marc21:subfield>
   </marc21:datafield>
   <marc21:datafield ind1="4" ind2=" " tag="856">
      <marc21:subfield code="3">Fullsize</marc21:subfield>
      <marc21:subfield code="u">http://www.aaa.si.edu/assets/images/fitzdesm/fullsize/AAA_fitzdesm_41373.jpg</marc21:subfield>
      <marc21:subfield code="x">15</marc21:subfield>
   </marc21:datafield>
   <marc21:datafield ind1="4" ind2=" " tag="856">
      <marc21:subfield code="3">Thumbnail</marc21:subfield>
      <marc21:subfield code="u">http://www.aaa.si.edu/assets/images/fitzdesm/thumbnail/AAA_fitzdesm_41374.jpg</marc21:subfield>
      <marc21:subfield code="x">16</marc21:subfield>
   </marc21:datafield>
   <marc21:datafield ind1="4" ind2=" " tag="856">
      <marc21:subfield code="3">Fullsize</marc21:subfield>
      <marc21:subfield code="u">http://www.aaa.si.edu/assets/images/fitzdesm/fullsize/AAA_fitzdesm_41374.jpg</marc21:subfield>
      <marc21:subfield code="x">16</marc21:subfield>
   </marc21:datafield>
   <marc21:datafield ind1="4" ind2=" " tag="856">
      <marc21:subfield code="3">Thumbnail</marc21:subfield>
      <marc21:subfield code="u">http://www.aaa.si.edu/assets/images/fitzdesm/thumbnail/AAA_fitzdesm_41375.jpg</marc21:subfield>
      <marc21:subfield code="x">17</marc21:subfield>
   </marc21:datafield>
   <marc21:datafield ind1="4" ind2=" " tag="856">
      <marc21:subfield code="3">Fullsize</marc21:subfield>
      <marc21:subfield code="u">http://www.aaa.si.edu/assets/images/fitzdesm/fullsize/AAA_fitzdesm_41375.jpg</marc21:subfield>
      <marc21:subfield code="x">17</marc21:subfield>
   </marc21:datafield>
   <marc21:datafield ind1="4" ind2=" " tag="856">
      <marc21:subfield code="3">Thumbnail</marc21:subfield>
      <marc21:subfield code="u">http://www.aaa.si.edu/assets/images/fitzdesm/thumbnail/AAA_fitzdesm_41376.jpg</marc21:subfield>
      <marc21:subfield code="x">18</marc21:subfield>
   </marc21:datafield>
   <marc21:datafield ind1="4" ind2=" " tag="856">
      <marc21:subfield code="3">Fullsize</marc21:subfield>
      <marc21:subfield code="u">http://www.aaa.si.edu/assets/images/fitzdesm/fullsize/AAA_fitzdesm_41376.jpg</marc21:subfield>
      <marc21:subfield code="x">18</marc21:subfield>
   </marc21:datafield>
   <marc21:datafield ind1="4" ind2=" " tag="856">
      <marc21:subfield code="3">Thumbnail</marc21:subfield>
      <marc21:subfield code="u">http://www.aaa.si.edu/assets/images/fitzdesm/thumbnail/AAA_fitzdesm_41377.jpg</marc21:subfield>
      <marc21:subfield code="x">19</marc21:subfield>
   </marc21:datafield>
   <marc21:datafield ind1="4" ind2=" " tag="856">
      <marc21:subfield code="3">Fullsize</marc21:subfield>
      <marc21:subfield code="u">http://www.aaa.si.edu/assets/images/fitzdesm/fullsize/AAA_fitzdesm_41377.jpg</marc21:subfield>
      <marc21:subfield code="x">19</marc21:subfield>
   </marc21:datafield>
   <marc21:datafield ind1="4" ind2=" " tag="856">
      <marc21:subfield code="3">Thumbnail</marc21:subfield>
      <marc21:subfield code="u">http://www.aaa.si.edu/assets/images/fitzdesm/thumbnail/AAA_fitzdesm_41378.jpg</marc21:subfield>
      <marc21:subfield code="x">20</marc21:subfield>
   </marc21:datafield>
   <marc21:datafield ind1="4" ind2=" " tag="856">
      <marc21:subfield code="3">Fullsize</marc21:subfield>
      <marc21:subfield code="u">http://www.aaa.si.edu/assets/images/fitzdesm/fullsize/AAA_fitzdesm_41378.jpg</marc21:subfield>
      <marc21:subfield code="x">20</marc21:subfield>
   </marc21:datafield>
   <marc21:datafield ind1="4" ind2=" " tag="856">
      <marc21:subfield code="3">Thumbnail</marc21:subfield>
      <marc21:subfield code="u">http://www.aaa.si.edu/assets/images/fitzdesm/thumbnail/AAA_fitzdesm_41379.jpg</marc21:subfield>
      <marc21:subfield code="x">21</marc21:subfield>
   </marc21:datafield>
   <marc21:datafield ind1="4" ind2=" " tag="856">
      <marc21:subfield code="3">Fullsize</marc21:subfield>
      <marc21:subfield code="u">http://www.aaa.si.edu/assets/images/fitzdesm/fullsize/AAA_fitzdesm_41379.jpg</marc21:subfield>
      <marc21:subfield code="x">21</marc21:subfield>
   </marc21:datafield>
   <marc21:datafield ind1="4" ind2=" " tag="856">
      <marc21:subfield code="3">Thumbnail</marc21:subfield>
      <marc21:subfield code="u">http://www.aaa.si.edu/assets/images/fitzdesm/thumbnail/AAA_fitzdesm_41380.jpg</marc21:subfield>
      <marc21:subfield code="x">22</marc21:subfield>
   </marc21:datafield>
   <marc21:datafield ind1="4" ind2=" " tag="856">
      <marc21:subfield code="3">Fullsize</marc21:subfield>
      <marc21:subfield code="u">http://www.aaa.si.edu/assets/images/fitzdesm/fullsize/AAA_fitzdesm_41380.jpg</marc21:subfield>
      <marc21:subfield code="x">22</marc21:subfield>
   </marc21:datafield>
   <marc21:datafield ind1="4" ind2=" " tag="856">
      <marc21:subfield code="3">Thumbnail</marc21:subfield>
      <marc21:subfield code="u">http://www.aaa.si.edu/assets/images/fitzdesm/thumbnail/AAA_fitzdesm_41381.jpg</marc21:subfield>
      <marc21:subfield code="x">23</marc21:subfield>
   </marc21:datafield>
   <marc21:datafield ind1="4" ind2=" " tag="856">
      <marc21:subfield code="3">Fullsize</marc21:subfield>
      <marc21:subfield code="u">http://www.aaa.si.edu/assets/images/fitzdesm/fullsize/AAA_fitzdesm_41381.jpg</marc21:subfield>
      <marc21:subfield code="x">23</marc21:subfield>
   </marc21:datafield>
   <marc21:datafield ind1="4" ind2=" " tag="856">
      <marc21:subfield code="3">Thumbnail</marc21:subfield>
      <marc21:subfield code="u">http://www.aaa.si.edu/assets/images/fitzdesm/thumbnail/AAA_fitzdesm_41382.jpg</marc21:subfield>
      <marc21:subfield code="x">24</marc21:subfield>
   </marc21:datafield>
   <marc21:datafield ind1="4" ind2=" " tag="856">
      <marc21:subfield code="3">Fullsize</marc21:subfield>
      <marc21:subfield code="u">http://www.aaa.si.edu/assets/images/fitzdesm/fullsize/AAA_fitzdesm_41382.jpg</marc21:subfield>
      <marc21:subfield code="x">24</marc21:subfield>
   </marc21:datafield>
   <marc21:datafield ind1="4" ind2=" " tag="856">
      <marc21:subfield code="3">Thumbnail</marc21:subfield>
      <marc21:subfield code="u">http://www.aaa.si.edu/assets/images/fitzdesm/thumbnail/AAA_fitzdesm_41383.jpg</marc21:subfield>
      <marc21:subfield code="x">25</marc21:subfield>
   </marc21:datafield>
   <marc21:datafield ind1="4" ind2=" " tag="856">
      <marc21:subfield code="3">Fullsize</marc21:subfield>
      <marc21:subfield code="u">http://www.aaa.si.edu/assets/images/fitzdesm/fullsize/AAA_fitzdesm_41383.jpg</marc21:subfield>
      <marc21:subfield code="x">25</marc21:subfield>
   </marc21:datafield>
   <marc21:datafield ind1="4" ind2=" " tag="856">
      <marc21:subfield code="3">Thumbnail</marc21:subfield>
      <marc21:subfield code="u">http://www.aaa.si.edu/assets/images/fitzdesm/thumbnail/AAA_fitzdesm_41384.jpg</marc21:subfield>
      <marc21:subfield code="x">26</marc21:subfield>
   </marc21:datafield>
   <marc21:datafield ind1="4" ind2=" " tag="856">
      <marc21:subfield code="3">Fullsize</marc21:subfield>
      <marc21:subfield code="u">http://www.aaa.si.edu/assets/images/fitzdesm/fullsize/AAA_fitzdesm_41384.jpg</marc21:subfield>
      <marc21:subfield code="x">26</marc21:subfield>
   </marc21:datafield>
   <marc21:datafield ind1="4" ind2=" " tag="856">
      <marc21:subfield code="3">Thumbnail</marc21:subfield>
      <marc21:subfield code="u">http://www.aaa.si.edu/assets/images/fitzdesm/thumbnail/AAA_fitzdesm_41385.jpg</marc21:subfield>
      <marc21:subfield code="x">27</marc21:subfield>
   </marc21:datafield>
   <marc21:datafield ind1="4" ind2=" " tag="856">
      <marc21:subfield code="3">Fullsize</marc21:subfield>
      <marc21:subfield code="u">http://www.aaa.si.edu/assets/images/fitzdesm/fullsize/AAA_fitzdesm_41385.jpg</marc21:subfield>
      <marc21:subfield code="x">27</marc21:subfield>
   </marc21:datafield>
   <marc21:datafield ind1="4" ind2=" " tag="856">
      <marc21:subfield code="3">Thumbnail</marc21:subfield>
      <marc21:subfield code="u">http://www.aaa.si.edu/assets/images/fitzdesm/thumbnail/AAA_fitzdesm_41386.jpg</marc21:subfield>
      <marc21:subfield code="x">28</marc21:subfield>
   </marc21:datafield>
   <marc21:datafield ind1="4" ind2=" " tag="856">
      <marc21:subfield code="3">Fullsize</marc21:subfield>
      <marc21:subfield code="u">http://www.aaa.si.edu/assets/images/fitzdesm/fullsize/AAA_fitzdesm_41386.jpg</marc21:subfield>
      <marc21:subfield code="x">28</marc21:subfield>
   </marc21:datafield>
   <marc21:datafield ind1="4" ind2=" " tag="856">
      <marc21:subfield code="3">Thumbnail</marc21:subfield>
      <marc21:subfield code="u">http://www.aaa.si.edu/assets/images/fitzdesm/thumbnail/AAA_fitzdesm_41387.jpg</marc21:subfield>
      <marc21:subfield code="x">29</marc21:subfield>
   </marc21:datafield>
   <marc21:datafield ind1="4" ind2=" " tag="856">
      <marc21:subfield code="3">Fullsize</marc21:subfield>
      <marc21:subfield code="u">http://www.aaa.si.edu/assets/images/fitzdesm/fullsize/AAA_fitzdesm_41387.jpg</marc21:subfield>
      <marc21:subfield code="x">29</marc21:subfield>
   </marc21:datafield>
   <marc21:datafield ind1="4" ind2=" " tag="856">
      <marc21:subfield code="3">Thumbnail</marc21:subfield>
      <marc21:subfield code="u">http://www.aaa.si.edu/assets/images/fitzdesm/thumbnail/AAA_fitzdesm_41388.jpg</marc21:subfield>
      <marc21:subfield code="x">30</marc21:subfield>
   </marc21:datafield>
   <marc21:datafield ind1="4" ind2=" " tag="856">
      <marc21:subfield code="3">Fullsize</marc21:subfield>
      <marc21:subfield code="u">http://www.aaa.si.edu/assets/images/fitzdesm/fullsize/AAA_fitzdesm_41388.jpg</marc21:subfield>
      <marc21:subfield code="x">30</marc21:subfield>
   </marc21:datafield>
   <marc21:datafield ind1="4" ind2=" " tag="856">
      <marc21:subfield code="3">Thumbnail</marc21:subfield>
      <marc21:subfield code="u">http://www.aaa.si.edu/assets/images/fitzdesm/thumbnail/AAA_fitzdesm_41389.jpg</marc21:subfield>
      <marc21:subfield code="x">31</marc21:subfield>
   </marc21:datafield>
   <marc21:datafield ind1="4" ind2=" " tag="856">
      <marc21:subfield code="3">Fullsize</marc21:subfield>
      <marc21:subfield code="u">http://www.aaa.si.edu/assets/images/fitzdesm/fullsize/AAA_fitzdesm_41389.jpg</marc21:subfield>
      <marc21:subfield code="x">31</marc21:subfield>
   </marc21:datafield>
   <marc21:datafield ind1="4" ind2=" " tag="856">
      <marc21:subfield code="3">Thumbnail</marc21:subfield>
      <marc21:subfield code="u">http://www.aaa.si.edu/assets/images/fitzdesm/thumbnail/AAA_fitzdesm_41390.jpg</marc21:subfield>
      <marc21:subfield code="x">32</marc21:subfield>
   </marc21:datafield>
   <marc21:datafield ind1="4" ind2=" " tag="856">
      <marc21:subfield code="3">Fullsize</marc21:subfield>
      <marc21:subfield code="u">http://www.aaa.si.edu/assets/images/fitzdesm/fullsize/AAA_fitzdesm_41390.jpg</marc21:subfield>
      <marc21:subfield code="x">32</marc21:subfield>
   </marc21:datafield>
   <marc21:datafield ind1="4" ind2=" " tag="856">
      <marc21:subfield code="3">Thumbnail</marc21:subfield>
      <marc21:subfield code="u">http://www.aaa.si.edu/assets/images/fitzdesm/thumbnail/AAA_fitzdesm_41391.jpg</marc21:subfield>
      <marc21:subfield code="x">33</marc21:subfield>
   </marc21:datafield>
   <marc21:datafield ind1="4" ind2=" " tag="856">
      <marc21:subfield code="3">Fullsize</marc21:subfield>
      <marc21:subfield code="u">http://www.aaa.si.edu/assets/images/fitzdesm/fullsize/AAA_fitzdesm_41391.jpg</marc21:subfield>
      <marc21:subfield code="x">33</marc21:subfield>
   </marc21:datafield>
   <marc21:datafield ind1="4" ind2=" " tag="856">
      <marc21:subfield code="3">Thumbnail</marc21:subfield>
      <marc21:subfield code="u">http://www.aaa.si.edu/assets/images/fitzdesm/thumbnail/AAA_fitzdesm_41392.jpg</marc21:subfield>
      <marc21:subfield code="x">34</marc21:subfield>
   </marc21:datafield>
   <marc21:datafield ind1="4" ind2=" " tag="856">
      <marc21:subfield code="3">Fullsize</marc21:subfield>
      <marc21:subfield code="u">http://www.aaa.si.edu/assets/images/fitzdesm/fullsize/AAA_fitzdesm_41392.jpg</marc21:subfield>
      <marc21:subfield code="x">34</marc21:subfield>
   </marc21:datafield>
   <marc21:datafield ind1="4" ind2=" " tag="856">
      <marc21:subfield code="3">Thumbnail</marc21:subfield>
      <marc21:subfield code="u">http://www.aaa.si.edu/assets/images/fitzdesm/thumbnail/AAA_fitzdesm_41393.jpg</marc21:subfield>
      <marc21:subfield code="x">35</marc21:subfield>
   </marc21:datafield>
   <marc21:datafield ind1="4" ind2=" " tag="856">
      <marc21:subfield code="3">Fullsize</marc21:subfield>
      <marc21:subfield code="u">http://www.aaa.si.edu/assets/images/fitzdesm/fullsize/AAA_fitzdesm_41393.jpg</marc21:subfield>
      <marc21:subfield code="x">35</marc21:subfield>
   </marc21:datafield>
   <marc21:datafield ind1="4" ind2=" " tag="856">
      <marc21:subfield code="3">Thumbnail</marc21:subfield>
      <marc21:subfield code="u">http://www.aaa.si.edu/assets/images/fitzdesm/thumbnail/AAA_fitzdesm_41394.jpg</marc21:subfield>
      <marc21:subfield code="x">36</marc21:subfield>
   </marc21:datafield>
   <marc21:datafield ind1="4" ind2=" " tag="856">
      <marc21:subfield code="3">Fullsize</marc21:subfield>
      <marc21:subfield code="u">http://www.aaa.si.edu/assets/images/fitzdesm/fullsize/AAA_fitzdesm_41394.jpg</marc21:subfield>
      <marc21:subfield code="x">36</marc21:subfield>
   </marc21:datafield>
   <marc21:datafield ind1="4" ind2=" " tag="856">
      <marc21:subfield code="3">Thumbnail</marc21:subfield>
      <marc21:subfield code="u">http://www.aaa.si.edu/assets/images/fitzdesm/thumbnail/AAA_fitzdesm_41395.jpg</marc21:subfield>
      <marc21:subfield code="x">37</marc21:subfield>
   </marc21:datafield>
   <marc21:datafield ind1="4" ind2=" " tag="856">
      <marc21:subfield code="3">Fullsize</marc21:subfield>
      <marc21:subfield code="u">http://www.aaa.si.edu/assets/images/fitzdesm/fullsize/AAA_fitzdesm_41395.jpg</marc21:subfield>
      <marc21:subfield code="x">37</marc21:subfield>
   </marc21:datafield>
   <marc21:datafield ind1="4" ind2=" " tag="856">
      <marc21:subfield code="3">Thumbnail</marc21:subfield>
      <marc21:subfield code="u">http://www.aaa.si.edu/assets/images/fitzdesm/thumbnail/AAA_fitzdesm_41396.jpg</marc21:subfield>
      <marc21:subfield code="x">38</marc21:subfield>
   </marc21:datafield>
   <marc21:datafield ind1="4" ind2=" " tag="856">
      <marc21:subfield code="3">Fullsize</marc21:subfield>
      <marc21:subfield code="u">http://www.aaa.si.edu/assets/images/fitzdesm/fullsize/AAA_fitzdesm_41396.jpg</marc21:subfield>
      <marc21:subfield code="x">38</marc21:subfield>
   </marc21:datafield>
   <marc21:datafield ind1="4" ind2=" " tag="856">
      <marc21:subfield code="3">Thumbnail</marc21:subfield>
      <marc21:subfield code="u">http://www.aaa.si.edu/assets/images/fitzdesm/thumbnail/AAA_fitzdesm_41397.jpg</marc21:subfield>
      <marc21:subfield code="x">39</marc21:subfield>
   </marc21:datafield>
   <marc21:datafield ind1="4" ind2=" " tag="856">
      <marc21:subfield code="3">Fullsize</marc21:subfield>
      <marc21:subfield code="u">http://www.aaa.si.edu/assets/images/fitzdesm/fullsize/AAA_fitzdesm_41397.jpg</marc21:subfield>
      <marc21:subfield code="x">39</marc21:subfield>
   </marc21:datafield>
   <marc21:datafield ind1="4" ind2=" " tag="856">
      <marc21:subfield code="3">Thumbnail</marc21:subfield>
      <marc21:subfield code="u">http://www.aaa.si.edu/assets/images/fitzdesm/thumbnail/AAA_fitzdesm_41398.jpg</marc21:subfield>
      <marc21:subfield code="x">40</marc21:subfield>
   </marc21:datafield>
   <marc21:datafield ind1="4" ind2=" " tag="856">
      <marc21:subfield code="3">Fullsize</marc21:subfield>
      <marc21:subfield code="u">http://www.aaa.si.edu/assets/images/fitzdesm/fullsize/AAA_fitzdesm_41398.jpg</marc21:subfield>
      <marc21:subfield code="x">40</marc21:subfield>
   </marc21:datafield>
   <marc21:datafield ind1="4" ind2=" " tag="856">
      <marc21:subfield code="3">Thumbnail</marc21:subfield>
      <marc21:subfield code="u">http://www.aaa.si.edu/assets/images/fitzdesm/thumbnail/AAA_fitzdesm_41399.jpg</marc21:subfield>
      <marc21:subfield code="x">41</marc21:subfield>
   </marc21:datafield>
   <marc21:datafield ind1="4" ind2=" " tag="856">
      <marc21:subfield code="3">Fullsize</marc21:subfield>
      <marc21:subfield code="u">http://www.aaa.si.edu/assets/images/fitzdesm/fullsize/AAA_fitzdesm_41399.jpg</marc21:subfield>
      <marc21:subfield code="x">41</marc21:subfield>
   </marc21:datafield>
   <marc21:datafield ind1="4" ind2=" " tag="856">
      <marc21:subfield code="3">Thumbnail</marc21:subfield>
      <marc21:subfield code="u">http://www.aaa.si.edu/assets/images/fitzdesm/thumbnail/AAA_fitzdesm_41400.jpg</marc21:subfield>
      <marc21:subfield code="x">42</marc21:subfield>
   </marc21:datafield>
   <marc21:datafield ind1="4" ind2=" " tag="856">
      <marc21:subfield code="3">Fullsize</marc21:subfield>
      <marc21:subfield code="u">http://www.aaa.si.edu/assets/images/fitzdesm/fullsize/AAA_fitzdesm_41400.jpg</marc21:subfield>
      <marc21:subfield code="x">42</marc21:subfield>
   </marc21:datafield>
   <marc21:datafield ind1="4" ind2=" " tag="856">
      <marc21:subfield code="3">Thumbnail</marc21:subfield>
      <marc21:subfield code="u">http://www.aaa.si.edu/assets/images/fitzdesm/thumbnail/AAA_fitzdesm_41401.jpg</marc21:subfield>
      <marc21:subfield code="x">43</marc21:subfield>
   </marc21:datafield>
   <marc21:datafield ind1="4" ind2=" " tag="856">
      <marc21:subfield code="3">Fullsize</marc21:subfield>
      <marc21:subfield code="u">http://www.aaa.si.edu/assets/images/fitzdesm/fullsize/AAA_fitzdesm_41401.jpg</marc21:subfield>
      <marc21:subfield code="x">43</marc21:subfield>
   </marc21:datafield>
   <marc21:datafield ind1="4" ind2=" " tag="856">
      <marc21:subfield code="3">Thumbnail</marc21:subfield>
      <marc21:subfield code="u">http://www.aaa.si.edu/assets/images/fitzdesm/thumbnail/AAA_fitzdesm_41402.jpg</marc21:subfield>
      <marc21:subfield code="x">44</marc21:subfield>
   </marc21:datafield>
   <marc21:datafield ind1="4" ind2=" " tag="856">
      <marc21:subfield code="3">Fullsize</marc21:subfield>
      <marc21:subfield code="u">http://www.aaa.si.edu/assets/images/fitzdesm/fullsize/AAA_fitzdesm_41402.jpg</marc21:subfield>
      <marc21:subfield code="x">44</marc21:subfield>
   </marc21:datafield>
   <marc21:datafield ind1="4" ind2=" " tag="856">
      <marc21:subfield code="3">Thumbnail</marc21:subfield>
      <marc21:subfield code="u">http://www.aaa.si.edu/assets/images/fitzdesm/thumbnail/AAA_fitzdesm_41403.jpg</marc21:subfield>
      <marc21:subfield code="x">45</marc21:subfield>
   </marc21:datafield>
   <marc21:datafield ind1="4" ind2=" " tag="856">
      <marc21:subfield code="3">Fullsize</marc21:subfield>
      <marc21:subfield code="u">http://www.aaa.si.edu/assets/images/fitzdesm/fullsize/AAA_fitzdesm_41403.jpg</marc21:subfield>
      <marc21:subfield code="x">45</marc21:subfield>
   </marc21:datafield>
   <marc21:datafield ind1="4" ind2=" " tag="856">
      <marc21:subfield code="3">Thumbnail</marc21:subfield>
      <marc21:subfield code="u">http://www.aaa.si.edu/assets/images/fitzdesm/thumbnail/AAA_fitzdesm_41404.jpg</marc21:subfield>
      <marc21:subfield code="x">46</marc21:subfield>
   </marc21:datafield>
   <marc21:datafield ind1="4" ind2=" " tag="856">
      <marc21:subfield code="3">Fullsize</marc21:subfield>
      <marc21:subfield code="u">http://www.aaa.si.edu/assets/images/fitzdesm/fullsize/AAA_fitzdesm_41404.jpg</marc21:subfield>
      <marc21:subfield code="x">46</marc21:subfield>
   </marc21:datafield>
   <marc21:datafield ind1="4" ind2=" " tag="856">
      <marc21:subfield code="3">Thumbnail</marc21:subfield>
      <marc21:subfield code="u">http://www.aaa.si.edu/assets/images/fitzdesm/thumbnail/AAA_fitzdesm_41405.jpg</marc21:subfield>
      <marc21:subfield code="x">47</marc21:subfield>
   </marc21:datafield>
   <marc21:datafield ind1="4" ind2=" " tag="856">
      <marc21:subfield code="3">Fullsize</marc21:subfield>
      <marc21:subfield code="u">http://www.aaa.si.edu/assets/images/fitzdesm/fullsize/AAA_fitzdesm_41405.jpg</marc21:subfield>
      <marc21:subfield code="x">47</marc21:subfield>
   </marc21:datafield>
   <marc21:datafield ind1="4" ind2=" " tag="856">
      <marc21:subfield code="3">Thumbnail</marc21:subfield>
      <marc21:subfield code="u">http://www.aaa.si.edu/assets/images/fitzdesm/thumbnail/AAA_fitzdesm_41406.jpg</marc21:subfield>
      <marc21:subfield code="x">48</marc21:subfield>
   </marc21:datafield>
   <marc21:datafield ind1="4" ind2=" " tag="856">
      <marc21:subfield code="3">Fullsize</marc21:subfield>
      <marc21:subfield code="u">http://www.aaa.si.edu/assets/images/fitzdesm/fullsize/AAA_fitzdesm_41406.jpg</marc21:subfield>
      <marc21:subfield code="x">48</marc21:subfield>
   </marc21:datafield>
   <marc21:datafield ind1="4" ind2=" " tag="856">
      <marc21:subfield code="3">Thumbnail</marc21:subfield>
      <marc21:subfield code="u">http://www.aaa.si.edu/assets/images/fitzdesm/thumbnail/AAA_fitzdesm_41407.jpg</marc21:subfield>
      <marc21:subfield code="x">49</marc21:subfield>
   </marc21:datafield>
   <marc21:datafield ind1="4" ind2=" " tag="856">
      <marc21:subfield code="3">Fullsize</marc21:subfield>
      <marc21:subfield code="u">http://www.aaa.si.edu/assets/images/fitzdesm/fullsize/AAA_fitzdesm_41407.jpg</marc21:subfield>
      <marc21:subfield code="x">49</marc21:subfield>
   </marc21:datafield>
   <marc21:datafield ind1="4" ind2=" " tag="856">
      <marc21:subfield code="3">Thumbnail</marc21:subfield>
      <marc21:subfield code="u">http://www.aaa.si.edu/assets/images/fitzdesm/thumbnail/AAA_fitzdesm_41408.jpg</marc21:subfield>
      <marc21:subfield code="x">50</marc21:subfield>
   </marc21:datafield>
   <marc21:datafield ind1="4" ind2=" " tag="856">
      <marc21:subfield code="3">Fullsize</marc21:subfield>
      <marc21:subfield code="u">http://www.aaa.si.edu/assets/images/fitzdesm/fullsize/AAA_fitzdesm_41408.jpg</marc21:subfield>
      <marc21:subfield code="x">50</marc21:subfield>
   </marc21:datafield>
   <marc21:datafield ind1="4" ind2=" " tag="856">
      <marc21:subfield code="3">Thumbnail</marc21:subfield>
      <marc21:subfield code="u">http://www.aaa.si.edu/assets/images/fitzdesm/thumbnail/AAA_fitzdesm_41409.jpg</marc21:subfield>
      <marc21:subfield code="x">51</marc21:subfield>
   </marc21:datafield>
   <marc21:datafield ind1="4" ind2=" " tag="856">
      <marc21:subfield code="3">Fullsize</marc21:subfield>
      <marc21:subfield code="u">http://www.aaa.si.edu/assets/images/fitzdesm/fullsize/AAA_fitzdesm_41409.jpg</marc21:subfield>
      <marc21:subfield code="x">51</marc21:subfield>
   </marc21:datafield>
   <marc21:datafield ind1="4" ind2=" " tag="856">
      <marc21:subfield code="3">Thumbnail</marc21:subfield>
      <marc21:subfield code="u">http://www.aaa.si.edu/assets/images/fitzdesm/thumbnail/AAA_fitzdesm_41410.jpg</marc21:subfield>
      <marc21:subfield code="x">52</marc21:subfield>
   </marc21:datafield>
   <marc21:datafield ind1="4" ind2=" " tag="856">
      <marc21:subfield code="3">Fullsize</marc21:subfield>
      <marc21:subfield code="u">http://www.aaa.si.edu/assets/images/fitzdesm/fullsize/AAA_fitzdesm_41410.jpg</marc21:subfield>
      <marc21:subfield code="x">52</marc21:subfield>
   </marc21:datafield>
   <marc21:datafield ind1="4" ind2=" " tag="856">
      <marc21:subfield code="3">Thumbnail</marc21:subfield>
      <marc21:subfield code="u">http://www.aaa.si.edu/assets/images/fitzdesm/thumbnail/AAA_fitzdesm_41411.jpg</marc21:subfield>
      <marc21:subfield code="x">53</marc21:subfield>
   </marc21:datafield>
   <marc21:datafield ind1="4" ind2=" " tag="856">
      <marc21:subfield code="3">Fullsize</marc21:subfield>
      <marc21:subfield code="u">http://www.aaa.si.edu/assets/images/fitzdesm/fullsize/AAA_fitzdesm_41411.jpg</marc21:subfield>
      <marc21:subfield code="x">53</marc21:subfield>
   </marc21:datafield>
   <marc21:datafield ind1="4" ind2=" " tag="856">
      <marc21:subfield code="3">Thumbnail</marc21:subfield>
      <marc21:subfield code="u">http://www.aaa.si.edu/assets/images/fitzdesm/thumbnail/AAA_fitzdesm_41412.jpg</marc21:subfield>
      <marc21:subfield code="x">54</marc21:subfield>
   </marc21:datafield>
   <marc21:datafield ind1="4" ind2=" " tag="856">
      <marc21:subfield code="3">Fullsize</marc21:subfield>
      <marc21:subfield code="u">http://www.aaa.si.edu/assets/images/fitzdesm/fullsize/AAA_fitzdesm_41412.jpg</marc21:subfield>
      <marc21:subfield code="x">54</marc21:subfield>
   </marc21:datafield>
   <marc21:datafield ind1="4" ind2=" " tag="856">
      <marc21:subfield code="3">Thumbnail</marc21:subfield>
      <marc21:subfield code="u">http://www.aaa.si.edu/assets/images/fitzdesm/thumbnail/AAA_fitzdesm_41413.jpg</marc21:subfield>
      <marc21:subfield code="x">55</marc21:subfield>
   </marc21:datafield>
   <marc21:datafield ind1="4" ind2=" " tag="856">
      <marc21:subfield code="3">Fullsize</marc21:subfield>
      <marc21:subfield code="u">http://www.aaa.si.edu/assets/images/fitzdesm/fullsize/AAA_fitzdesm_41413.jpg</marc21:subfield>
      <marc21:subfield code="x">55</marc21:subfield>
   </marc21:datafield>
   <marc21:datafield ind1="4" ind2=" " tag="856">
      <marc21:subfield code="3">Thumbnail</marc21:subfield>
      <marc21:subfield code="u">http://www.aaa.si.edu/assets/images/fitzdesm/thumbnail/AAA_fitzdesm_41414.jpg</marc21:subfield>
      <marc21:subfield code="x">56</marc21:subfield>
   </marc21:datafield>
   <marc21:datafield ind1="4" ind2=" " tag="856">
      <marc21:subfield code="3">Fullsize</marc21:subfield>
      <marc21:subfield code="u">http://www.aaa.si.edu/assets/images/fitzdesm/fullsize/AAA_fitzdesm_41414.jpg</marc21:subfield>
      <marc21:subfield code="x">56</marc21:subfield>
   </marc21:datafield>
   <marc21:datafield ind1="4" ind2=" " tag="856">
      <marc21:subfield code="3">Thumbnail</marc21:subfield>
      <marc21:subfield code="u">http://www.aaa.si.edu/assets/images/fitzdesm/thumbnail/AAA_fitzdesm_41415.jpg</marc21:subfield>
      <marc21:subfield code="x">57</marc21:subfield>
   </marc21:datafield>
   <marc21:datafield ind1="4" ind2=" " tag="856">
      <marc21:subfield code="3">Fullsize</marc21:subfield>
      <marc21:subfield code="u">http://www.aaa.si.edu/assets/images/fitzdesm/fullsize/AAA_fitzdesm_41415.jpg</marc21:subfield>
      <marc21:subfield code="x">57</marc21:subfield>
   </marc21:datafield>
   <marc21:datafield ind1="4" ind2=" " tag="856">
      <marc21:subfield code="3">Thumbnail</marc21:subfield>
      <marc21:subfield code="u">http://www.aaa.si.edu/assets/images/fitzdesm/thumbnail/AAA_fitzdesm_41416.jpg</marc21:subfield>
      <marc21:subfield code="x">58</marc21:subfield>
   </marc21:datafield>
   <marc21:datafield ind1="4" ind2=" " tag="856">
      <marc21:subfield code="3">Fullsize</marc21:subfield>
      <marc21:subfield code="u">http://www.aaa.si.edu/assets/images/fitzdesm/fullsize/AAA_fitzdesm_41416.jpg</marc21:subfield>
      <marc21:subfield code="x">58</marc21:subfield>
   </marc21:datafield>
   <marc21:datafield ind1="4" ind2=" " tag="856">
      <marc21:subfield code="3">Thumbnail</marc21:subfield>
      <marc21:subfield code="u">http://www.aaa.si.edu/assets/images/fitzdesm/thumbnail/AAA_fitzdesm_41417.jpg</marc21:subfield>
      <marc21:subfield code="x">59</marc21:subfield>
   </marc21:datafield>
   <marc21:datafield ind1="4" ind2=" " tag="856">
      <marc21:subfield code="3">Fullsize</marc21:subfield>
      <marc21:subfield code="u">http://www.aaa.si.edu/assets/images/fitzdesm/fullsize/AAA_fitzdesm_41417.jpg</marc21:subfield>
      <marc21:subfield code="x">59</marc21:subfield>
   </marc21:datafield>
   <marc21:datafield ind1="4" ind2=" " tag="856">
      <marc21:subfield code="3">Thumbnail</marc21:subfield>
      <marc21:subfield code="u">http://www.aaa.si.edu/assets/images/fitzdesm/thumbnail/AAA_fitzdesm_41418.jpg</marc21:subfield>
      <marc21:subfield code="x">60</marc21:subfield>
   </marc21:datafield>
   <marc21:datafield ind1="4" ind2=" " tag="856">
      <marc21:subfield code="3">Fullsize</marc21:subfield>
      <marc21:subfield code="u">http://www.aaa.si.edu/assets/images/fitzdesm/fullsize/AAA_fitzdesm_41418.jpg</marc21:subfield>
      <marc21:subfield code="x">60</marc21:subfield>
   </marc21:datafield>
   <marc21:datafield ind1="4" ind2=" " tag="856">
      <marc21:subfield code="3">Thumbnail</marc21:subfield>
      <marc21:subfield code="u">http://www.aaa.si.edu/assets/images/fitzdesm/thumbnail/AAA_fitzdesm_41419.jpg</marc21:subfield>
      <marc21:subfield code="x">61</marc21:subfield>
   </marc21:datafield>
   <marc21:datafield ind1="4" ind2=" " tag="856">
      <marc21:subfield code="3">Fullsize</marc21:subfield>
      <marc21:subfield code="u">http://www.aaa.si.edu/assets/images/fitzdesm/fullsize/AAA_fitzdesm_41419.jpg</marc21:subfield>
      <marc21:subfield code="x">61</marc21:subfield>
   </marc21:datafield>
   <marc21:datafield ind1="4" ind2=" " tag="856">
      <marc21:subfield code="3">Thumbnail</marc21:subfield>
      <marc21:subfield code="u">http://www.aaa.si.edu/assets/images/fitzdesm/thumbnail/AAA_fitzdesm_41420.jpg</marc21:subfield>
      <marc21:subfield code="x">62</marc21:subfield>
   </marc21:datafield>
   <marc21:datafield ind1="4" ind2=" " tag="856">
      <marc21:subfield code="3">Fullsize</marc21:subfield>
      <marc21:subfield code="u">http://www.aaa.si.edu/assets/images/fitzdesm/fullsize/AAA_fitzdesm_41420.jpg</marc21:subfield>
      <marc21:subfield code="x">62</marc21:subfield>
   </marc21:datafield>
   <marc21:datafield ind1="4" ind2=" " tag="856">
      <marc21:subfield code="3">Thumbnail</marc21:subfield>
      <marc21:subfield code="u">http://www.aaa.si.edu/assets/images/fitzdesm/thumbnail/AAA_fitzdesm_41421.jpg</marc21:subfield>
      <marc21:subfield code="x">63</marc21:subfield>
   </marc21:datafield>
   <marc21:datafield ind1="4" ind2=" " tag="856">
      <marc21:subfield code="3">Fullsize</marc21:subfield>
      <marc21:subfield code="u">http://www.aaa.si.edu/assets/images/fitzdesm/fullsize/AAA_fitzdesm_41421.jpg</marc21:subfield>
      <marc21:subfield code="x">63</marc21:subfield>
   </marc21:datafield>
   <marc21:datafield ind1="4" ind2=" " tag="856">
      <marc21:subfield code="3">Thumbnail</marc21:subfield>
      <marc21:subfield code="u">http://www.aaa.si.edu/assets/images/fitzdesm/thumbnail/AAA_fitzdesm_41422.jpg</marc21:subfield>
      <marc21:subfield code="x">64</marc21:subfield>
   </marc21:datafield>
   <marc21:datafield ind1="4" ind2=" " tag="856">
      <marc21:subfield code="3">Fullsize</marc21:subfield>
      <marc21:subfield code="u">http://www.aaa.si.edu/assets/images/fitzdesm/fullsize/AAA_fitzdesm_41422.jpg</marc21:subfield>
      <marc21:subfield code="x">64</marc21:subfield>
   </marc21:datafield>
   <marc21:datafield ind1="4" ind2=" " tag="856">
      <marc21:subfield code="3">Thumbnail</marc21:subfield>
      <marc21:subfield code="u">http://www.aaa.si.edu/assets/images/fitzdesm/thumbnail/AAA_fitzdesm_41423.jpg</marc21:subfield>
      <marc21:subfield code="x">65</marc21:subfield>
   </marc21:datafield>
   <marc21:datafield ind1="4" ind2=" " tag="856">
      <marc21:subfield code="3">Fullsize</marc21:subfield>
      <marc21:subfield code="u">http://www.aaa.si.edu/assets/images/fitzdesm/fullsize/AAA_fitzdesm_41423.jpg</marc21:subfield>
      <marc21:subfield code="x">65</marc21:subfield>
   </marc21:datafield>
   <marc21:datafield ind1="4" ind2=" " tag="856">
      <marc21:subfield code="3">Thumbnail</marc21:subfield>
      <marc21:subfield code="u">http://www.aaa.si.edu/assets/images/fitzdesm/thumbnail/AAA_fitzdesm_41424.jpg</marc21:subfield>
      <marc21:subfield code="x">66</marc21:subfield>
   </marc21:datafield>
   <marc21:datafield ind1="4" ind2=" " tag="856">
      <marc21:subfield code="3">Fullsize</marc21:subfield>
      <marc21:subfield code="u">http://www.aaa.si.edu/assets/images/fitzdesm/fullsize/AAA_fitzdesm_41424.jpg</marc21:subfield>
      <marc21:subfield code="x">66</marc21:subfield>
   </marc21:datafield>
   <marc21:datafield ind1="4" ind2=" " tag="856">
      <marc21:subfield code="3">Thumbnail</marc21:subfield>
      <marc21:subfield code="u">http://www.aaa.si.edu/assets/images/fitzdesm/thumbnail/AAA_fitzdesm_41425.jpg</marc21:subfield>
      <marc21:subfield code="x">67</marc21:subfield>
   </marc21:datafield>
   <marc21:datafield ind1="4" ind2=" " tag="856">
      <marc21:subfield code="3">Fullsize</marc21:subfield>
      <marc21:subfield code="u">http://www.aaa.si.edu/assets/images/fitzdesm/fullsize/AAA_fitzdesm_41425.jpg</marc21:subfield>
      <marc21:subfield code="x">67</marc21:subfield>
   </marc21:datafield>
   <marc21:datafield ind1="4" ind2=" " tag="856">
      <marc21:subfield code="3">Thumbnail</marc21:subfield>
      <marc21:subfield code="u">http://www.aaa.si.edu/assets/images/fitzdesm/thumbnail/AAA_fitzdesm_41426.jpg</marc21:subfield>
      <marc21:subfield code="x">68</marc21:subfield>
   </marc21:datafield>
   <marc21:datafield ind1="4" ind2=" " tag="856">
      <marc21:subfield code="3">Fullsize</marc21:subfield>
      <marc21:subfield code="u">http://www.aaa.si.edu/assets/images/fitzdesm/fullsize/AAA_fitzdesm_41426.jpg</marc21:subfield>
      <marc21:subfield code="x">68</marc21:subfield>
   </marc21:datafield>
   <marc21:datafield ind1="4" ind2=" " tag="856">
      <marc21:subfield code="3">Thumbnail</marc21:subfield>
      <marc21:subfield code="u">http://www.aaa.si.edu/assets/images/fitzdesm/thumbnail/AAA_fitzdesm_41427.jpg</marc21:subfield>
      <marc21:subfield code="x">69</marc21:subfield>
   </marc21:datafield>
   <marc21:datafield ind1="4" ind2=" " tag="856">
      <marc21:subfield code="3">Fullsize</marc21:subfield>
      <marc21:subfield code="u">http://www.aaa.si.edu/assets/images/fitzdesm/fullsize/AAA_fitzdesm_41427.jpg</marc21:subfield>
      <marc21:subfield code="x">69</marc21:subfield>
   </marc21:datafield>
   <marc21:datafield ind1="4" ind2=" " tag="856">
      <marc21:subfield code="3">Thumbnail</marc21:subfield>
      <marc21:subfield code="u">http://www.aaa.si.edu/assets/images/fitzdesm/thumbnail/AAA_fitzdesm_41428.jpg</marc21:subfield>
      <marc21:subfield code="x">70</marc21:subfield>
   </marc21:datafield>
   <marc21:datafield ind1="4" ind2=" " tag="856">
      <marc21:subfield code="3">Fullsize</marc21:subfield>
      <marc21:subfield code="u">http://www.aaa.si.edu/assets/images/fitzdesm/fullsize/AAA_fitzdesm_41428.jpg</marc21:subfield>
      <marc21:subfield code="x">70</marc21:subfield>
   </marc21:datafield>
   <marc21:datafield ind1="4" ind2=" " tag="856">
      <marc21:subfield code="3">Thumbnail</marc21:subfield>
      <marc21:subfield code="u">http://www.aaa.si.edu/assets/images/fitzdesm/thumbnail/AAA_fitzdesm_41429.jpg</marc21:subfield>
      <marc21:subfield code="x">71</marc21:subfield>
   </marc21:datafield>
   <marc21:datafield ind1="4" ind2=" " tag="856">
      <marc21:subfield code="3">Fullsize</marc21:subfield>
      <marc21:subfield code="u">http://www.aaa.si.edu/assets/images/fitzdesm/fullsize/AAA_fitzdesm_41429.jpg</marc21:subfield>
      <marc21:subfield code="x">71</marc21:subfield>
   </marc21:datafield>
   <marc21:datafield ind1="4" ind2=" " tag="856">
      <marc21:subfield code="3">Thumbnail</marc21:subfield>
      <marc21:subfield code="u">http://www.aaa.si.edu/assets/images/fitzdesm/thumbnail/AAA_fitzdesm_41430.jpg</marc21:subfield>
      <marc21:subfield code="x">72</marc21:subfield>
   </marc21:datafield>
   <marc21:datafield ind1="4" ind2=" " tag="856">
      <marc21:subfield code="3">Fullsize</marc21:subfield>
      <marc21:subfield code="u">http://www.aaa.si.edu/assets/images/fitzdesm/fullsize/AAA_fitzdesm_41430.jpg</marc21:subfield>
      <marc21:subfield code="x">72</marc21:subfield>
   </marc21:datafield>
   <marc21:datafield ind1="4" ind2=" " tag="856">
      <marc21:subfield code="3">Thumbnail</marc21:subfield>
      <marc21:subfield code="u">http://www.aaa.si.edu/assets/images/fitzdesm/thumbnail/AAA_fitzdesm_41431.jpg</marc21:subfield>
      <marc21:subfield code="x">73</marc21:subfield>
   </marc21:datafield>
   <marc21:datafield ind1="4" ind2=" " tag="856">
      <marc21:subfield code="3">Fullsize</marc21:subfield>
      <marc21:subfield code="u">http://www.aaa.si.edu/assets/images/fitzdesm/fullsize/AAA_fitzdesm_41431.jpg</marc21:subfield>
      <marc21:subfield code="x">73</marc21:subfield>
   </marc21:datafield>
   <marc21:datafield ind1="4" ind2=" " tag="856">
      <marc21:subfield code="3">Thumbnail</marc21:subfield>
      <marc21:subfield code="u">http://www.aaa.si.edu/assets/images/fitzdesm/thumbnail/AAA_fitzdesm_41432.jpg</marc21:subfield>
      <marc21:subfield code="x">74</marc21:subfield>
   </marc21:datafield>
   <marc21:datafield ind1="4" ind2=" " tag="856">
      <marc21:subfield code="3">Fullsize</marc21:subfield>
      <marc21:subfield code="u">http://www.aaa.si.edu/assets/images/fitzdesm/fullsize/AAA_fitzdesm_41432.jpg</marc21:subfield>
      <marc21:subfield code="x">74</marc21:subfield>
   </marc21:datafield>
   <marc21:datafield ind1="4" ind2=" " tag="856">
      <marc21:subfield code="3">Thumbnail</marc21:subfield>
      <marc21:subfield code="u">http://www.aaa.si.edu/assets/images/fitzdesm/thumbnail/AAA_fitzdesm_41433.jpg</marc21:subfield>
      <marc21:subfield code="x">75</marc21:subfield>
   </marc21:datafield>
   <marc21:datafield ind1="4" ind2=" " tag="856">
      <marc21:subfield code="3">Fullsize</marc21:subfield>
      <marc21:subfield code="u">http://www.aaa.si.edu/assets/images/fitzdesm/fullsize/AAA_fitzdesm_41433.jpg</marc21:subfield>
      <marc21:subfield code="x">75</marc21:subfield>
   </marc21:datafield>
   <marc21:datafield ind1="4" ind2=" " tag="856">
      <marc21:subfield code="3">Thumbnail</marc21:subfield>
      <marc21:subfield code="u">http://www.aaa.si.edu/assets/images/fitzdesm/thumbnail/AAA_fitzdesm_41434.jpg</marc21:subfield>
      <marc21:subfield code="x">76</marc21:subfield>
   </marc21:datafield>
   <marc21:datafield ind1="4" ind2=" " tag="856">
      <marc21:subfield code="3">Fullsize</marc21:subfield>
      <marc21:subfield code="u">http://www.aaa.si.edu/assets/images/fitzdesm/fullsize/AAA_fitzdesm_41434.jpg</marc21:subfield>
      <marc21:subfield code="x">76</marc21:subfield>
   </marc21:datafield>
   <marc21:datafield ind1="4" ind2=" " tag="856">
      <marc21:subfield code="3">Thumbnail</marc21:subfield>
      <marc21:subfield code="u">http://www.aaa.si.edu/assets/images/fitzdesm/thumbnail/AAA_fitzdesm_41435.jpg</marc21:subfield>
      <marc21:subfield code="x">77</marc21:subfield>
   </marc21:datafield>
   <marc21:datafield ind1="4" ind2=" " tag="856">
      <marc21:subfield code="3">Fullsize</marc21:subfield>
      <marc21:subfield code="u">http://www.aaa.si.edu/assets/images/fitzdesm/fullsize/AAA_fitzdesm_41435.jpg</marc21:subfield>
      <marc21:subfield code="x">77</marc21:subfield>
   </marc21:datafield>
   <marc21:datafield ind1="4" ind2=" " tag="856">
      <marc21:subfield code="3">Thumbnail</marc21:subfield>
      <marc21:subfield code="u">http://www.aaa.si.edu/assets/images/fitzdesm/thumbnail/AAA_fitzdesm_41436.jpg</marc21:subfield>
      <marc21:subfield code="x">78</marc21:subfield>
   </marc21:datafield>
   <marc21:datafield ind1="4" ind2=" " tag="856">
      <marc21:subfield code="3">Fullsize</marc21:subfield>
      <marc21:subfield code="u">http://www.aaa.si.edu/assets/images/fitzdesm/fullsize/AAA_fitzdesm_41436.jpg</marc21:subfield>
      <marc21:subfield code="x">78</marc21:subfield>
   </marc21:datafield>
   <marc21:datafield ind1="4" ind2=" " tag="856">
      <marc21:subfield code="3">Thumbnail</marc21:subfield>
      <marc21:subfield code="u">http://www.aaa.si.edu/assets/images/fitzdesm/thumbnail/AAA_fitzdesm_41437.jpg</marc21:subfield>
      <marc21:subfield code="x">79</marc21:subfield>
   </marc21:datafield>
   <marc21:datafield ind1="4" ind2=" " tag="856">
      <marc21:subfield code="3">Fullsize</marc21:subfield>
      <marc21:subfield code="u">http://www.aaa.si.edu/assets/images/fitzdesm/fullsize/AAA_fitzdesm_41437.jpg</marc21:subfield>
      <marc21:subfield code="x">79</marc21:subfield>
   </marc21:datafield>
   <marc21:datafield ind1="4" ind2=" " tag="856">
      <marc21:subfield code="3">Thumbnail</marc21:subfield>
      <marc21:subfield code="u">http://www.aaa.si.edu/assets/images/fitzdesm/thumbnail/AAA_fitzdesm_41438.jpg</marc21:subfield>
      <marc21:subfield code="x">80</marc21:subfield>
   </marc21:datafield>
   <marc21:datafield ind1="4" ind2=" " tag="856">
      <marc21:subfield code="3">Fullsize</marc21:subfield>
      <marc21:subfield code="u">http://www.aaa.si.edu/assets/images/fitzdesm/fullsize/AAA_fitzdesm_41438.jpg</marc21:subfield>
      <marc21:subfield code="x">80</marc21:subfield>
   </marc21:datafield>
   <marc21:datafield ind1="4" ind2=" " tag="856">
      <marc21:subfield code="3">Thumbnail</marc21:subfield>
      <marc21:subfield code="u">http://www.aaa.si.edu/assets/images/fitzdesm/thumbnail/AAA_fitzdesm_41439.jpg</marc21:subfield>
      <marc21:subfield code="x">81</marc21:subfield>
   </marc21:datafield>
   <marc21:datafield ind1="4" ind2=" " tag="856">
      <marc21:subfield code="3">Fullsize</marc21:subfield>
      <marc21:subfield code="u">http://www.aaa.si.edu/assets/images/fitzdesm/fullsize/AAA_fitzdesm_41439.jpg</marc21:subfield>
      <marc21:subfield code="x">81</marc21:subfield>
   </marc21:datafield>
   <marc21:datafield ind1="4" ind2=" " tag="856">
      <marc21:subfield code="3">Thumbnail</marc21:subfield>
      <marc21:subfield code="u">http://www.aaa.si.edu/assets/images/fitzdesm/thumbnail/AAA_fitzdesm_41440.jpg</marc21:subfield>
      <marc21:subfield code="x">82</marc21:subfield>
   </marc21:datafield>
   <marc21:datafield ind1="4" ind2=" " tag="856">
      <marc21:subfield code="3">Fullsize</marc21:subfield>
      <marc21:subfield code="u">http://www.aaa.si.edu/assets/images/fitzdesm/fullsize/AAA_fitzdesm_41440.jpg</marc21:subfield>
      <marc21:subfield code="x">82</marc21:subfield>
   </marc21:datafield>
   <marc21:datafield ind1="4" ind2=" " tag="856">
      <marc21:subfield code="3">Thumbnail</marc21:subfield>
      <marc21:subfield code="u">http://www.aaa.si.edu/assets/images/fitzdesm/thumbnail/AAA_fitzdesm_41441.jpg</marc21:subfield>
      <marc21:subfield code="x">83</marc21:subfield>
   </marc21:datafield>
   <marc21:datafield ind1="4" ind2=" " tag="856">
      <marc21:subfield code="3">Fullsize</marc21:subfield>
      <marc21:subfield code="u">http://www.aaa.si.edu/assets/images/fitzdesm/fullsize/AAA_fitzdesm_41441.jpg</marc21:subfield>
      <marc21:subfield code="x">83</marc21:subfield>
   </marc21:datafield>
   <marc21:datafield ind1="4" ind2=" " tag="856">
      <marc21:subfield code="3">Thumbnail</marc21:subfield>
      <marc21:subfield code="u">http://www.aaa.si.edu/assets/images/fitzdesm/thumbnail/AAA_fitzdesm_41442.jpg</marc21:subfield>
      <marc21:subfield code="x">84</marc21:subfield>
   </marc21:datafield>
   <marc21:datafield ind1="4" ind2=" " tag="856">
      <marc21:subfield code="3">Fullsize</marc21:subfield>
      <marc21:subfield code="u">http://www.aaa.si.edu/assets/images/fitzdesm/fullsize/AAA_fitzdesm_41442.jpg</marc21:subfield>
      <marc21:subfield code="x">84</marc21:subfield>
   </marc21:datafield>
   <marc21:datafield ind1="4" ind2=" " tag="856">
      <marc21:subfield code="3">Thumbnail</marc21:subfield>
      <marc21:subfield code="u">http://www.aaa.si.edu/assets/images/fitzdesm/thumbnail/AAA_fitzdesm_41443.jpg</marc21:subfield>
      <marc21:subfield code="x">85</marc21:subfield>
   </marc21:datafield>
   <marc21:datafield ind1="4" ind2=" " tag="856">
      <marc21:subfield code="3">Fullsize</marc21:subfield>
      <marc21:subfield code="u">http://www.aaa.si.edu/assets/images/fitzdesm/fullsize/AAA_fitzdesm_41443.jpg</marc21:subfield>
      <marc21:subfield code="x">85</marc21:subfield>
   </marc21:datafield>
   <marc21:datafield ind1="4" ind2=" " tag="856">
      <marc21:subfield code="3">Thumbnail</marc21:subfield>
      <marc21:subfield code="u">http://www.aaa.si.edu/assets/images/fitzdesm/thumbnail/AAA_fitzdesm_41444.jpg</marc21:subfield>
      <marc21:subfield code="x">86</marc21:subfield>
   </marc21:datafield>
   <marc21:datafield ind1="4" ind2=" " tag="856">
      <marc21:subfield code="3">Fullsize</marc21:subfield>
      <marc21:subfield code="u">http://www.aaa.si.edu/assets/images/fitzdesm/fullsize/AAA_fitzdesm_41444.jpg</marc21:subfield>
      <marc21:subfield code="x">86</marc21:subfield>
   </marc21:datafield>
   <marc21:datafield ind1="4" ind2=" " tag="856">
      <marc21:subfield code="3">Thumbnail</marc21:subfield>
      <marc21:subfield code="u">http://www.aaa.si.edu/assets/images/fitzdesm/thumbnail/AAA_fitzdesm_41445.jpg</marc21:subfield>
      <marc21:subfield code="x">87</marc21:subfield>
   </marc21:datafield>
   <marc21:datafield ind1="4" ind2=" " tag="856">
      <marc21:subfield code="3">Fullsize</marc21:subfield>
      <marc21:subfield code="u">http://www.aaa.si.edu/assets/images/fitzdesm/fullsize/AAA_fitzdesm_41445.jpg</marc21:subfield>
      <marc21:subfield code="x">87</marc21:subfield>
   </marc21:datafield>
   <marc21:datafield ind1="4" ind2=" " tag="856">
      <marc21:subfield code="3">Thumbnail</marc21:subfield>
      <marc21:subfield code="u">http://www.aaa.si.edu/assets/images/fitzdesm/thumbnail/AAA_fitzdesm_41446.jpg</marc21:subfield>
      <marc21:subfield code="x">88</marc21:subfield>
   </marc21:datafield>
   <marc21:datafield ind1="4" ind2=" " tag="856">
      <marc21:subfield code="3">Fullsize</marc21:subfield>
      <marc21:subfield code="u">http://www.aaa.si.edu/assets/images/fitzdesm/fullsize/AAA_fitzdesm_41446.jpg</marc21:subfield>
      <marc21:subfield code="x">88</marc21:subfield>
   </marc21:datafield>
   <marc21:datafield ind1="4" ind2=" " tag="856">
      <marc21:subfield code="3">Thumbnail</marc21:subfield>
      <marc21:subfield code="u">http://www.aaa.si.edu/assets/images/fitzdesm/thumbnail/AAA_fitzdesm_41447.jpg</marc21:subfield>
      <marc21:subfield code="x">89</marc21:subfield>
   </marc21:datafield>
   <marc21:datafield ind1="4" ind2=" " tag="856">
      <marc21:subfield code="3">Fullsize</marc21:subfield>
      <marc21:subfield code="u">http://www.aaa.si.edu/assets/images/fitzdesm/fullsize/AAA_fitzdesm_41447.jpg</marc21:subfield>
      <marc21:subfield code="x">89</marc21:subfield>
   </marc21:datafield>
   <marc21:datafield ind1="4" ind2=" " tag="856">
      <marc21:subfield code="3">Thumbnail</marc21:subfield>
      <marc21:subfield code="u">http://www.aaa.si.edu/assets/images/fitzdesm/thumbnail/AAA_fitzdesm_41448.jpg</marc21:subfield>
      <marc21:subfield code="x">90</marc21:subfield>
   </marc21:datafield>
   <marc21:datafield ind1="4" ind2=" " tag="856">
      <marc21:subfield code="3">Fullsize</marc21:subfield>
      <marc21:subfield code="u">http://www.aaa.si.edu/assets/images/fitzdesm/fullsize/AAA_fitzdesm_41448.jpg</marc21:subfield>
      <marc21:subfield code="x">90</marc21:subfield>
   </marc21:datafield>
   <marc21:datafield ind1="4" ind2=" " tag="856">
      <marc21:subfield code="3">Thumbnail</marc21:subfield>
      <marc21:subfield code="u">http://www.aaa.si.edu/assets/images/fitzdesm/thumbnail/AAA_fitzdesm_41449.jpg</marc21:subfield>
      <marc21:subfield code="x">91</marc21:subfield>
   </marc21:datafield>
   <marc21:datafield ind1="4" ind2=" " tag="856">
      <marc21:subfield code="3">Fullsize</marc21:subfield>
      <marc21:subfield code="u">http://www.aaa.si.edu/assets/images/fitzdesm/fullsize/AAA_fitzdesm_41449.jpg</marc21:subfield>
      <marc21:subfield code="x">91</marc21:subfield>
   </marc21:datafield>
   <marc21:datafield ind1="4" ind2=" " tag="856">
      <marc21:subfield code="3">Thumbnail</marc21:subfield>
      <marc21:subfield code="u">http://www.aaa.si.edu/assets/images/fitzdesm/thumbnail/AAA_fitzdesm_41450.jpg</marc21:subfield>
      <marc21:subfield code="x">92</marc21:subfield>
   </marc21:datafield>
   <marc21:datafield ind1="4" ind2=" " tag="856">
      <marc21:subfield code="3">Fullsize</marc21:subfield>
      <marc21:subfield code="u">http://www.aaa.si.edu/assets/images/fitzdesm/fullsize/AAA_fitzdesm_41450.jpg</marc21:subfield>
      <marc21:subfield code="x">92</marc21:subfield>
   </marc21:datafield>
   <marc21:datafield ind1="4" ind2=" " tag="856">
      <marc21:subfield code="3">Thumbnail</marc21:subfield>
      <marc21:subfield code="u">http://www.aaa.si.edu/assets/images/fitzdesm/thumbnail/AAA_fitzdesm_41451.jpg</marc21:subfield>
      <marc21:subfield code="x">93</marc21:subfield>
   </marc21:datafield>
   <marc21:datafield ind1="4" ind2=" " tag="856">
      <marc21:subfield code="3">Fullsize</marc21:subfield>
      <marc21:subfield code="u">http://www.aaa.si.edu/assets/images/fitzdesm/fullsize/AAA_fitzdesm_41451.jpg</marc21:subfield>
      <marc21:subfield code="x">93</marc21:subfield>
   </marc21:datafield>
   <marc21:datafield ind1="4" ind2=" " tag="856">
      <marc21:subfield code="3">Thumbnail</marc21:subfield>
      <marc21:subfield code="u">http://www.aaa.si.edu/assets/images/fitzdesm/thumbnail/AAA_fitzdesm_41452.jpg</marc21:subfield>
      <marc21:subfield code="x">94</marc21:subfield>
   </marc21:datafield>
   <marc21:datafield ind1="4" ind2=" " tag="856">
      <marc21:subfield code="3">Fullsize</marc21:subfield>
      <marc21:subfield code="u">http://www.aaa.si.edu/assets/images/fitzdesm/fullsize/AAA_fitzdesm_41452.jpg</marc21:subfield>
      <marc21:subfield code="x">94</marc21:subfield>
   </marc21:datafield>
   <marc21:datafield ind1="4" ind2=" " tag="856">
      <marc21:subfield code="3">Thumbnail</marc21:subfield>
      <marc21:subfield code="u">http://www.aaa.si.edu/assets/images/fitzdesm/thumbnail/AAA_fitzdesm_41453.jpg</marc21:subfield>
      <marc21:subfield code="x">95</marc21:subfield>
   </marc21:datafield>
   <marc21:datafield ind1="4" ind2=" " tag="856">
      <marc21:subfield code="3">Fullsize</marc21:subfield>
      <marc21:subfield code="u">http://www.aaa.si.edu/assets/images/fitzdesm/fullsize/AAA_fitzdesm_41453.jpg</marc21:subfield>
      <marc21:subfield code="x">95</marc21:subfield>
   </marc21:datafield>
   <marc21:datafield ind1="4" ind2=" " tag="856">
      <marc21:subfield code="3">Thumbnail</marc21:subfield>
      <marc21:subfield code="u">http://www.aaa.si.edu/assets/images/fitzdesm/thumbnail/AAA_fitzdesm_41454.jpg</marc21:subfield>
      <marc21:subfield code="x">96</marc21:subfield>
   </marc21:datafield>
   <marc21:datafield ind1="4" ind2=" " tag="856">
      <marc21:subfield code="3">Fullsize</marc21:subfield>
      <marc21:subfield code="u">http://www.aaa.si.edu/assets/images/fitzdesm/fullsize/AAA_fitzdesm_41454.jpg</marc21:subfield>
      <marc21:subfield code="x">96</marc21:subfield>
   </marc21:datafield>
   <marc21:datafield ind1="4" ind2=" " tag="856">
      <marc21:subfield code="3">Thumbnail</marc21:subfield>
      <marc21:subfield code="u">http://www.aaa.si.edu/assets/images/fitzdesm/thumbnail/AAA_fitzdesm_41455.jpg</marc21:subfield>
      <marc21:subfield code="x">97</marc21:subfield>
   </marc21:datafield>
   <marc21:datafield ind1="4" ind2=" " tag="856">
      <marc21:subfield code="3">Fullsize</marc21:subfield>
      <marc21:subfield code="u">http://www.aaa.si.edu/assets/images/fitzdesm/fullsize/AAA_fitzdesm_41455.jpg</marc21:subfield>
      <marc21:subfield code="x">97</marc21:subfield>
   </marc21:datafield>
   <marc21:datafield ind1="4" ind2=" " tag="856">
      <marc21:subfield code="3">Thumbnail</marc21:subfield>
      <marc21:subfield code="u">http://www.aaa.si.edu/assets/images/fitzdesm/thumbnail/AAA_fitzdesm_41456.jpg</marc21:subfield>
      <marc21:subfield code="x">98</marc21:subfield>
   </marc21:datafield>
   <marc21:datafield ind1="4" ind2=" " tag="856">
      <marc21:subfield code="3">Fullsize</marc21:subfield>
      <marc21:subfield code="u">http://www.aaa.si.edu/assets/images/fitzdesm/fullsize/AAA_fitzdesm_41456.jpg</marc21:subfield>
      <marc21:subfield code="x">98</marc21:subfield>
   </marc21:datafield>
   <marc21:datafield ind1="4" ind2=" " tag="856">
      <marc21:subfield code="3">Thumbnail</marc21:subfield>
      <marc21:subfield code="u">http://www.aaa.si.edu/assets/images/fitzdesm/thumbnail/AAA_fitzdesm_41457.jpg</marc21:subfield>
      <marc21:subfield code="x">99</marc21:subfield>
   </marc21:datafield>
   <marc21:datafield ind1="4" ind2=" " tag="856">
      <marc21:subfield code="3">Fullsize</marc21:subfield>
      <marc21:subfield code="u">http://www.aaa.si.edu/assets/images/fitzdesm/fullsize/AAA_fitzdesm_41457.jpg</marc21:subfield>
      <marc21:subfield code="x">99</marc21:subfield>
   </marc21:datafield>
   <marc21:datafield ind1="4" ind2=" " tag="856">
      <marc21:subfield code="3">Thumbnail</marc21:subfield>
      <marc21:subfield code="u">http://www.aaa.si.edu/assets/images/fitzdesm/thumbnail/AAA_fitzdesm_41458.jpg</marc21:subfield>
      <marc21:subfield code="x">100</marc21:subfield>
   </marc21:datafield>
   <marc21:datafield ind1="4" ind2=" " tag="856">
      <marc21:subfield code="3">Fullsize</marc21:subfield>
      <marc21:subfield code="u">http://www.aaa.si.edu/assets/images/fitzdesm/fullsize/AAA_fitzdesm_41458.jpg</marc21:subfield>
      <marc21:subfield code="x">100</marc21:subfield>
   </marc21:datafield>
   <marc21:datafield ind1="4" ind2=" " tag="856">
      <marc21:subfield code="3">Thumbnail</marc21:subfield>
      <marc21:subfield code="u">http://www.aaa.si.edu/assets/images/fitzdesm/thumbnail/AAA_fitzdesm_41459.jpg</marc21:subfield>
      <marc21:subfield code="x">101</marc21:subfield>
   </marc21:datafield>
   <marc21:datafield ind1="4" ind2=" " tag="856">
      <marc21:subfield code="3">Fullsize</marc21:subfield>
      <marc21:subfield code="u">http://www.aaa.si.edu/assets/images/fitzdesm/fullsize/AAA_fitzdesm_41459.jpg</marc21:subfield>
      <marc21:subfield code="x">101</marc21:subfield>
   </marc21:datafield>
   <marc21:datafield ind1="4" ind2=" " tag="856">
      <marc21:subfield code="3">Thumbnail</marc21:subfield>
      <marc21:subfield code="u">http://www.aaa.si.edu/assets/images/fitzdesm/thumbnail/AAA_fitzdesm_41460.jpg</marc21:subfield>
      <marc21:subfield code="x">102</marc21:subfield>
   </marc21:datafield>
   <marc21:datafield ind1="4" ind2=" " tag="856">
      <marc21:subfield code="3">Fullsize</marc21:subfield>
      <marc21:subfield code="u">http://www.aaa.si.edu/assets/images/fitzdesm/fullsize/AAA_fitzdesm_41460.jpg</marc21:subfield>
      <marc21:subfield code="x">102</marc21:subfield>
   </marc21:datafield>
   <marc21:datafield ind1="4" ind2=" " tag="856">
      <marc21:subfield code="3">Thumbnail</marc21:subfield>
      <marc21:subfield code="u">http://www.aaa.si.edu/assets/images/fitzdesm/thumbnail/AAA_fitzdesm_41461.jpg</marc21:subfield>
      <marc21:subfield code="x">103</marc21:subfield>
   </marc21:datafield>
   <marc21:datafield ind1="4" ind2=" " tag="856">
      <marc21:subfield code="3">Fullsize</marc21:subfield>
      <marc21:subfield code="u">http://www.aaa.si.edu/assets/images/fitzdesm/fullsize/AAA_fitzdesm_41461.jpg</marc21:subfield>
      <marc21:subfield code="x">103</marc21:subfield>
   </marc21:datafield>
   <marc21:datafield ind1="4" ind2=" " tag="856">
      <marc21:subfield code="3">Thumbnail</marc21:subfield>
      <marc21:subfield code="u">http://www.aaa.si.edu/assets/images/fitzdesm/thumbnail/AAA_fitzdesm_41462.jpg</marc21:subfield>
      <marc21:subfield code="x">104</marc21:subfield>
   </marc21:datafield>
   <marc21:datafield ind1="4" ind2=" " tag="856">
      <marc21:subfield code="3">Fullsize</marc21:subfield>
      <marc21:subfield code="u">http://www.aaa.si.edu/assets/images/fitzdesm/fullsize/AAA_fitzdesm_41462.jpg</marc21:subfield>
      <marc21:subfield code="x">104</marc21:subfield>
   </marc21:datafield>
   <marc21:datafield ind1="4" ind2=" " tag="856">
      <marc21:subfield code="3">Thumbnail</marc21:subfield>
      <marc21:subfield code="u">http://www.aaa.si.edu/assets/images/fitzdesm/thumbnail/AAA_fitzdesm_41463.jpg</marc21:subfield>
      <marc21:subfield code="x">105</marc21:subfield>
   </marc21:datafield>
   <marc21:datafield ind1="4" ind2=" " tag="856">
      <marc21:subfield code="3">Fullsize</marc21:subfield>
      <marc21:subfield code="u">http://www.aaa.si.edu/assets/images/fitzdesm/fullsize/AAA_fitzdesm_41463.jpg</marc21:subfield>
      <marc21:subfield code="x">105</marc21:subfield>
   </marc21:datafield>
   <marc21:datafield ind1="4" ind2=" " tag="856">
      <marc21:subfield code="3">Thumbnail</marc21:subfield>
      <marc21:subfield code="u">http://www.aaa.si.edu/assets/images/fitzdesm/thumbnail/AAA_fitzdesm_41464.jpg</marc21:subfield>
      <marc21:subfield code="x">106</marc21:subfield>
   </marc21:datafield>
   <marc21:datafield ind1="4" ind2=" " tag="856">
      <marc21:subfield code="3">Fullsize</marc21:subfield>
      <marc21:subfield code="u">http://www.aaa.si.edu/assets/images/fitzdesm/fullsize/AAA_fitzdesm_41464.jpg</marc21:subfield>
      <marc21:subfield code="x">106</marc21:subfield>
   </marc21:datafield>
   <marc21:datafield ind1="4" ind2=" " tag="856">
      <marc21:subfield code="3">Thumbnail</marc21:subfield>
      <marc21:subfield code="u">http://www.aaa.si.edu/assets/images/fitzdesm/thumbnail/AAA_fitzdesm_41465.jpg</marc21:subfield>
      <marc21:subfield code="x">107</marc21:subfield>
   </marc21:datafield>
   <marc21:datafield ind1="4" ind2=" " tag="856">
      <marc21:subfield code="3">Fullsize</marc21:subfield>
      <marc21:subfield code="u">http://www.aaa.si.edu/assets/images/fitzdesm/fullsize/AAA_fitzdesm_41465.jpg</marc21:subfield>
      <marc21:subfield code="x">107</marc21:subfield>
   </marc21:datafield>
   <marc21:datafield ind1="4" ind2=" " tag="856">
      <marc21:subfield code="3">Thumbnail</marc21:subfield>
      <marc21:subfield code="u">http://www.aaa.si.edu/assets/images/fitzdesm/thumbnail/AAA_fitzdesm_41466.jpg</marc21:subfield>
      <marc21:subfield code="x">108</marc21:subfield>
   </marc21:datafield>
   <marc21:datafield ind1="4" ind2=" " tag="856">
      <marc21:subfield code="3">Fullsize</marc21:subfield>
      <marc21:subfield code="u">http://www.aaa.si.edu/assets/images/fitzdesm/fullsize/AAA_fitzdesm_41466.jpg</marc21:subfield>
      <marc21:subfield code="x">108</marc21:subfield>
   </marc21:datafield>
   <marc21:datafield ind1="4" ind2=" " tag="856">
      <marc21:subfield code="3">Thumbnail</marc21:subfield>
      <marc21:subfield code="u">http://www.aaa.si.edu/assets/images/fitzdesm/thumbnail/AAA_fitzdesm_41467.jpg</marc21:subfield>
      <marc21:subfield code="x">109</marc21:subfield>
   </marc21:datafield>
   <marc21:datafield ind1="4" ind2=" " tag="856">
      <marc21:subfield code="3">Fullsize</marc21:subfield>
      <marc21:subfield code="u">http://www.aaa.si.edu/assets/images/fitzdesm/fullsize/AAA_fitzdesm_41467.jpg</marc21:subfield>
      <marc21:subfield code="x">109</marc21:subfield>
   </marc21:datafield>
   <marc21:datafield ind1="4" ind2=" " tag="856">
      <marc21:subfield code="3">Thumbnail</marc21:subfield>
      <marc21:subfield code="u">http://www.aaa.si.edu/assets/images/fitzdesm/thumbnail/AAA_fitzdesm_41468.jpg</marc21:subfield>
      <marc21:subfield code="x">110</marc21:subfield>
   </marc21:datafield>
   <marc21:datafield ind1="4" ind2=" " tag="856">
      <marc21:subfield code="3">Fullsize</marc21:subfield>
      <marc21:subfield code="u">http://www.aaa.si.edu/assets/images/fitzdesm/fullsize/AAA_fitzdesm_41468.jpg</marc21:subfield>
      <marc21:subfield code="x">110</marc21:subfield>
   </marc21:datafield>
   <marc21:datafield ind1="4" ind2=" " tag="856">
      <marc21:subfield code="3">Thumbnail</marc21:subfield>
      <marc21:subfield code="u">http://www.aaa.si.edu/assets/images/fitzdesm/thumbnail/AAA_fitzdesm_41469.jpg</marc21:subfield>
      <marc21:subfield code="x">111</marc21:subfield>
   </marc21:datafield>
   <marc21:datafield ind1="4" ind2=" " tag="856">
      <marc21:subfield code="3">Fullsize</marc21:subfield>
      <marc21:subfield code="u">http://www.aaa.si.edu/assets/images/fitzdesm/fullsize/AAA_fitzdesm_41469.jpg</marc21:subfield>
      <marc21:subfield code="x">111</marc21:subfield>
   </marc21:datafield>
   <marc21:datafield ind1="4" ind2=" " tag="856">
      <marc21:subfield code="3">Thumbnail</marc21:subfield>
      <marc21:subfield code="u">http://www.aaa.si.edu/assets/images/fitzdesm/thumbnail/AAA_fitzdesm_41470.jpg</marc21:subfield>
      <marc21:subfield code="x">112</marc21:subfield>
   </marc21:datafield>
   <marc21:datafield ind1="4" ind2=" " tag="856">
      <marc21:subfield code="3">Fullsize</marc21:subfield>
      <marc21:subfield code="u">http://www.aaa.si.edu/assets/images/fitzdesm/fullsize/AAA_fitzdesm_41470.jpg</marc21:subfield>
      <marc21:subfield code="x">112</marc21:subfield>
   </marc21:datafield>
   <marc21:datafield ind1="4" ind2=" " tag="856">
      <marc21:subfield code="3">Thumbnail</marc21:subfield>
      <marc21:subfield code="u">http://www.aaa.si.edu/assets/images/fitzdesm/thumbnail/AAA_fitzdesm_41471.jpg</marc21:subfield>
      <marc21:subfield code="x">113</marc21:subfield>
   </marc21:datafield>
   <marc21:datafield ind1="4" ind2=" " tag="856">
      <marc21:subfield code="3">Fullsize</marc21:subfield>
      <marc21:subfield code="u">http://www.aaa.si.edu/assets/images/fitzdesm/fullsize/AAA_fitzdesm_41471.jpg</marc21:subfield>
      <marc21:subfield code="x">113</marc21:subfield>
   </marc21:datafield>
   <marc21:datafield ind1="4" ind2=" " tag="856">
      <marc21:subfield code="3">Thumbnail</marc21:subfield>
      <marc21:subfield code="u">http://www.aaa.si.edu/assets/images/fitzdesm/thumbnail/AAA_fitzdesm_41472.jpg</marc21:subfield>
      <marc21:subfield code="x">114</marc21:subfield>
   </marc21:datafield>
   <marc21:datafield ind1="4" ind2=" " tag="856">
      <marc21:subfield code="3">Fullsize</marc21:subfield>
      <marc21:subfield code="u">http://www.aaa.si.edu/assets/images/fitzdesm/fullsize/AAA_fitzdesm_41472.jpg</marc21:subfield>
      <marc21:subfield code="x">114</marc21:subfield>
   </marc21:datafield>
   <marc21:datafield ind1="4" ind2=" " tag="856">
      <marc21:subfield code="3">Thumbnail</marc21:subfield>
      <marc21:subfield code="u">http://www.aaa.si.edu/assets/images/fitzdesm/thumbnail/AAA_fitzdesm_41473.jpg</marc21:subfield>
      <marc21:subfield code="x">115</marc21:subfield>
   </marc21:datafield>
   <marc21:datafield ind1="4" ind2=" " tag="856">
      <marc21:subfield code="3">Fullsize</marc21:subfield>
      <marc21:subfield code="u">http://www.aaa.si.edu/assets/images/fitzdesm/fullsize/AAA_fitzdesm_41473.jpg</marc21:subfield>
      <marc21:subfield code="x">115</marc21:subfield>
   </marc21:datafield>
   <marc21:datafield ind1="4" ind2=" " tag="856">
      <marc21:subfield code="3">Thumbnail</marc21:subfield>
      <marc21:subfield code="u">http://www.aaa.si.edu/assets/images/fitzdesm/thumbnail/AAA_fitzdesm_41474.jpg</marc21:subfield>
      <marc21:subfield code="x">116</marc21:subfield>
   </marc21:datafield>
   <marc21:datafield ind1="4" ind2=" " tag="856">
      <marc21:subfield code="3">Fullsize</marc21:subfield>
      <marc21:subfield code="u">http://www.aaa.si.edu/assets/images/fitzdesm/fullsize/AAA_fitzdesm_41474.jpg</marc21:subfield>
      <marc21:subfield code="x">116</marc21:subfield>
   </marc21:datafield>
   <marc21:datafield ind1="4" ind2=" " tag="856">
      <marc21:subfield code="3">Thumbnail</marc21:subfield>
      <marc21:subfield code="u">http://www.aaa.si.edu/assets/images/fitzdesm/thumbnail/AAA_fitzdesm_41475.jpg</marc21:subfield>
      <marc21:subfield code="x">117</marc21:subfield>
   </marc21:datafield>
   <marc21:datafield ind1="4" ind2=" " tag="856">
      <marc21:subfield code="3">Fullsize</marc21:subfield>
      <marc21:subfield code="u">http://www.aaa.si.edu/assets/images/fitzdesm/fullsize/AAA_fitzdesm_41475.jpg</marc21:subfield>
      <marc21:subfield code="x">117</marc21:subfield>
   </marc21:datafield>
   <marc21:datafield ind1="4" ind2=" " tag="856">
      <marc21:subfield code="3">Thumbnail</marc21:subfield>
      <marc21:subfield code="u">http://www.aaa.si.edu/assets/images/fitzdesm/thumbnail/AAA_fitzdesm_41476.jpg</marc21:subfield>
      <marc21:subfield code="x">118</marc21:subfield>
   </marc21:datafield>
   <marc21:datafield ind1="4" ind2=" " tag="856">
      <marc21:subfield code="3">Fullsize</marc21:subfield>
      <marc21:subfield code="u">http://www.aaa.si.edu/assets/images/fitzdesm/fullsize/AAA_fitzdesm_41476.jpg</marc21:subfield>
      <marc21:subfield code="x">118</marc21:subfield>
   </marc21:datafield>
   <marc21:datafield ind1="4" ind2=" " tag="856">
      <marc21:subfield code="3">Thumbnail</marc21:subfield>
      <marc21:subfield code="u">http://www.aaa.si.edu/assets/images/fitzdesm/thumbnail/AAA_fitzdesm_41477.jpg</marc21:subfield>
      <marc21:subfield code="x">119</marc21:subfield>
   </marc21:datafield>
   <marc21:datafield ind1="4" ind2=" " tag="856">
      <marc21:subfield code="3">Fullsize</marc21:subfield>
      <marc21:subfield code="u">http://www.aaa.si.edu/assets/images/fitzdesm/fullsize/AAA_fitzdesm_41477.jpg</marc21:subfield>
      <marc21:subfield code="x">119</marc21:subfield>
   </marc21:datafield>
   <marc21:datafield ind1="4" ind2=" " tag="856">
      <marc21:subfield code="3">Thumbnail</marc21:subfield>
      <marc21:subfield code="u">http://www.aaa.si.edu/assets/images/fitzdesm/thumbnail/AAA_fitzdesm_41478.jpg</marc21:subfield>
      <marc21:subfield code="x">120</marc21:subfield>
   </marc21:datafield>
   <marc21:datafield ind1="4" ind2=" " tag="856">
      <marc21:subfield code="3">Fullsize</marc21:subfield>
      <marc21:subfield code="u">http://www.aaa.si.edu/assets/images/fitzdesm/fullsize/AAA_fitzdesm_41478.jpg</marc21:subfield>
      <marc21:subfield code="x">120</marc21:subfield>
   </marc21:datafield>
   <marc21:datafield ind1="4" ind2=" " tag="856">
      <marc21:subfield code="3">Thumbnail</marc21:subfield>
      <marc21:subfield code="u">http://www.aaa.si.edu/assets/images/fitzdesm/thumbnail/AAA_fitzdesm_41479.jpg</marc21:subfield>
      <marc21:subfield code="x">121</marc21:subfield>
   </marc21:datafield>
   <marc21:datafield ind1="4" ind2=" " tag="856">
      <marc21:subfield code="3">Fullsize</marc21:subfield>
      <marc21:subfield code="u">http://www.aaa.si.edu/assets/images/fitzdesm/fullsize/AAA_fitzdesm_41479.jpg</marc21:subfield>
      <marc21:subfield code="x">121</marc21:subfield>
   </marc21:datafield>
   <marc21:datafield ind1="4" ind2=" " tag="856">
      <marc21:subfield code="3">Thumbnail</marc21:subfield>
      <marc21:subfield code="u">http://www.aaa.si.edu/assets/images/fitzdesm/thumbnail/AAA_fitzdesm_41480.jpg</marc21:subfield>
      <marc21:subfield code="x">122</marc21:subfield>
   </marc21:datafield>
   <marc21:datafield ind1="4" ind2=" " tag="856">
      <marc21:subfield code="3">Fullsize</marc21:subfield>
      <marc21:subfield code="u">http://www.aaa.si.edu/assets/images/fitzdesm/fullsize/AAA_fitzdesm_41480.jpg</marc21:subfield>
      <marc21:subfield code="x">122</marc21:subfield>
   </marc21:datafield>
   <marc21:datafield ind1="4" ind2=" " tag="856">
      <marc21:subfield code="3">Thumbnail</marc21:subfield>
      <marc21:subfield code="u">http://www.aaa.si.edu/assets/images/fitzdesm/thumbnail/AAA_fitzdesm_41481.jpg</marc21:subfield>
      <marc21:subfield code="x">123</marc21:subfield>
   </marc21:datafield>
   <marc21:datafield ind1="4" ind2=" " tag="856">
      <marc21:subfield code="3">Fullsize</marc21:subfield>
      <marc21:subfield code="u">http://www.aaa.si.edu/assets/images/fitzdesm/fullsize/AAA_fitzdesm_41481.jpg</marc21:subfield>
      <marc21:subfield code="x">123</marc21:subfield>
   </marc21:datafield>
   <marc21:datafield ind1="4" ind2=" " tag="856">
      <marc21:subfield code="3">Thumbnail</marc21:subfield>
      <marc21:subfield code="u">http://www.aaa.si.edu/assets/images/fitzdesm/thumbnail/AAA_fitzdesm_41482.jpg</marc21:subfield>
      <marc21:subfield code="x">124</marc21:subfield>
   </marc21:datafield>
   <marc21:datafield ind1="4" ind2=" " tag="856">
      <marc21:subfield code="3">Fullsize</marc21:subfield>
      <marc21:subfield code="u">http://www.aaa.si.edu/assets/images/fitzdesm/fullsize/AAA_fitzdesm_41482.jpg</marc21:subfield>
      <marc21:subfield code="x">124</marc21:subfield>
   </marc21:datafield>
   <marc21:datafield ind1="4" ind2=" " tag="856">
      <marc21:subfield code="3">Thumbnail</marc21:subfield>
      <marc21:subfield code="u">http://www.aaa.si.edu/assets/images/fitzdesm/thumbnail/AAA_fitzdesm_41483.jpg</marc21:subfield>
      <marc21:subfield code="x">125</marc21:subfield>
   </marc21:datafield>
   <marc21:datafield ind1="4" ind2=" " tag="856">
      <marc21:subfield code="3">Fullsize</marc21:subfield>
      <marc21:subfield code="u">http://www.aaa.si.edu/assets/images/fitzdesm/fullsize/AAA_fitzdesm_41483.jpg</marc21:subfield>
      <marc21:subfield code="x">125</marc21:subfield>
   </marc21:datafield>
   <marc21:datafield ind1="4" ind2=" " tag="856">
      <marc21:subfield code="3">Thumbnail</marc21:subfield>
      <marc21:subfield code="u">http://www.aaa.si.edu/assets/images/fitzdesm/thumbnail/AAA_fitzdesm_41484.jpg</marc21:subfield>
      <marc21:subfield code="x">126</marc21:subfield>
   </marc21:datafield>
   <marc21:datafield ind1="4" ind2=" " tag="856">
      <marc21:subfield code="3">Fullsize</marc21:subfield>
      <marc21:subfield code="u">http://www.aaa.si.edu/assets/images/fitzdesm/fullsize/AAA_fitzdesm_41484.jpg</marc21:subfield>
      <marc21:subfield code="x">126</marc21:subfield>
   </marc21:datafield>
   <marc21:datafield ind1="4" ind2=" " tag="856">
      <marc21:subfield code="3">Thumbnail</marc21:subfield>
      <marc21:subfield code="u">http://www.aaa.si.edu/assets/images/fitzdesm/thumbnail/AAA_fitzdesm_41485.jpg</marc21:subfield>
      <marc21:subfield code="x">127</marc21:subfield>
   </marc21:datafield>
   <marc21:datafield ind1="4" ind2=" " tag="856">
      <marc21:subfield code="3">Fullsize</marc21:subfield>
      <marc21:subfield code="u">http://www.aaa.si.edu/assets/images/fitzdesm/fullsize/AAA_fitzdesm_41485.jpg</marc21:subfield>
      <marc21:subfield code="x">127</marc21:subfield>
   </marc21:datafield>
   <marc21:datafield ind1="4" ind2=" " tag="856">
      <marc21:subfield code="3">Thumbnail</marc21:subfield>
      <marc21:subfield code="u">http://www.aaa.si.edu/assets/images/fitzdesm/thumbnail/AAA_fitzdesm_41486.jpg</marc21:subfield>
      <marc21:subfield code="x">128</marc21:subfield>
   </marc21:datafield>
   <marc21:datafield ind1="4" ind2=" " tag="856">
      <marc21:subfield code="3">Fullsize</marc21:subfield>
      <marc21:subfield code="u">http://www.aaa.si.edu/assets/images/fitzdesm/fullsize/AAA_fitzdesm_41486.jpg</marc21:subfield>
      <marc21:subfield code="x">128</marc21:subfield>
   </marc21:datafield>
</marc21:record>

